<!DOCTYPE html>
<html><head>
<meta http-equiv="content-type" content="text/html; charset=UTF-8">
    <meta charset="utf-8">
    <meta name="viewport" content="width=device-width, initial-scale=1.0">
    <title>Prezentacja - App4Ad</title>

    <!-- Main css styles -->
    <link rel="stylesheet" media="all" href="Prezentacja%20-%20App4Ad_pliki/application-34c91d3ccf2789a4242724d4fbaf41b745bc2fb618a1a7ea.css" data-turbolinks-track="true">
<link rel="stylesheet" media="all" href="Prezentacja%20-%20App4Ad_pliki/main-bc718a1eeffe93e2b852ef70e4a727e283022337abf3f66c2c1f3cf.css" data-turbolinks-track="true">
    <link rel="stylesheet" media="all" href="Prezentacja%20-%20App4Ad_pliki/application-34c91d3ccf2789a4242724d4fbaf41b745bc2fb618a1a7ea.css" data-turbolinks-track="true">

    <!-- Main javascript files -->
    <script src="Prezentacja%20-%20App4Ad_pliki/application-ca0c41c9abad500a7904c82eaca525a31c04b3deae3d143eb.js" data-turbolinks-track="true"></script><style type="text/css"></style>
    <meta name="csrf-param" content="authenticity_token">
<meta name="csrf-token" content="YrQQs21XDT0GWwuBHrd+Y90hegBeFaVrnke97drhUu+l66Ce/N1Ej/udMox44EX8ttu0GhOBx2EB6s3u6i3yuw==">
    

    <!-- <link href="/assets/jquery-ui.min.css" rel="stylesheet"> -->
    <script type="text/javascript" src="Prezentacja%20-%20App4Ad_pliki/slick.min.js"></script>
    <link rel="stylesheet" type="text/css" href="Prezentacja%20-%20App4Ad_pliki/slick.css">

  </head>
<body data-spy="scroll" data-target="#nav-scroll-spy" class=" pace-done"><div class="pace  pace-inactive"><div class="pace-progress" style="transform: translate3d(100%, 0px, 0px);" data-progress-text="100%" data-progress="99">
  <div class="pace-progress-inner"></div>
</div>
<div class="pace-activity"></div></div>
<style>
    .red a.ui-state-default{
        background-color: red !important;
        color: #FFF;
    }

</style>
    <!-- Wrapper-->
    <div id="wrapper">

            <div id="environment-info-box" style="
    position: fixed;
    top: 0;
    left: 50%;
    transform: translateX(-50%);
    z-index: 9999;
    background-color: #ce5a69;
    color: white;
    padding: 5px;
    border-radius: 0 0 10px 10px;
    border-width: 2px;
    border-color: white;
    border-style: solid;
    border-top: none;
    font-size: 20px;
    box-shadow: 0px 0px 10px rgba(0, 0, 0, 0.5);
    text-transform: uppercase;
    ">
        <strong>
            Prezentacja
        </strong>
    </div>


        <!-- Navigation -->
        <nav class="navbar-default navbar-static-side" role="navigation">
  <div class="sidebar-collapse">
    <ul class="nav metismenu" id="side-menu">
      <li class="nav-header">
        <div class="dropdown profile-element">
          <div class="row">
            <div class="col-lg-4">
              <a style="color: #676a6c;" href="https://beta.app4ad.pl/edit_avatar">
                  <span class="fa-stack fa-2x">
                    <i class="fa fa-circle-thin fa-stack-2x"></i>
                    <i class="fa fa-user fa-stack-1x"></i>
                  </span>
</a>            </div>
            <div class="col-lg-8">
              <a data-toggle="dropdown" class="dropdown-toggle" href="#">
                <span class="clear">
                  <span class="block m-t-xs">
                    <strong class="font-bold">Rafał Daroch</strong>
                  </span>
                  <span class="text-muted text-xs block"> Prezentacja
                    <b class="caret"></b>
                  </span>
                </span>
              </a>
              <ul class="dropdown-menu animated fadeInUp m-t-xs">
                    <li>
                      <a rel="nofollow" data-method="post" href="https://beta.app4ad.pl/home/switch_agency?id=1">
                        <i class="fa fa-briefcase fa-fw"> Abc4brands</i>
</a>                    </li>
                    <li>
                      <a rel="nofollow" data-method="post" href="https://beta.app4ad.pl/home/switch_agency?id=10">
                        <i class="fa fa-briefcase fa-fw"> Laurens Coster</i>
</a>                    </li>
                    <li>
                      <a rel="nofollow" data-method="post" href="https://beta.app4ad.pl/home/switch_agency?id=11">
                        <i class="fa fa-briefcase fa-fw"> Agencja testowa</i>
</a>                    </li>
                    <li>
                      <a rel="nofollow" data-method="post" href="https://beta.app4ad.pl/home/switch_agency?id=2">
                        <i class="fa fa-briefcase fa-fw"> Consensus</i>
</a>                    </li>
                    <li>
                      <a rel="nofollow" data-method="post" href="https://beta.app4ad.pl/home/switch_agency?id=4">
                        <i class="fa fa-briefcase fa-fw"> Signodesign</i>
</a>                    </li>
                    <li>
                      <a rel="nofollow" data-method="post" href="https://beta.app4ad.pl/home/switch_agency?id=5">
                        <i class="fa fa-briefcase fa-fw"> Frogart</i>
</a>                    </li>
                    <li>
                      <a rel="nofollow" data-method="post" href="https://beta.app4ad.pl/home/switch_agency?id=6">
                        <i class="fa fa-briefcase fa-fw"> Navigator</i>
</a>                    </li>
                    <li>
                      <a rel="nofollow" data-method="post" href="https://beta.app4ad.pl/home/switch_agency?id=7">
                        <i class="fa fa-briefcase fa-fw"> Firma CGS</i>
</a>                    </li>
                    <li>
                      <a rel="nofollow" data-method="post" href="https://beta.app4ad.pl/home/switch_agency?id=8">
                        <i class="fa fa-briefcase fa-fw"> Kwadrat Studio</i>
</a>                    </li>
                    <li>
                      <a rel="nofollow" data-method="post" href="https://beta.app4ad.pl/home/switch_agency?id=9">
                        <i class="fa fa-briefcase fa-fw"> Creative Flow</i>
</a>                    </li>
                    <li>
                      <a rel="nofollow" data-method="post" href="https://beta.app4ad.pl/home/switch_agency?id=13">
                        <i class="fa fa-briefcase fa-fw"> Brandspace</i>
</a>                    </li>
                    <li>
                      <a rel="nofollow" data-method="post" href="https://beta.app4ad.pl/home/switch_agency?id=12">
                        <i class="fa fa-briefcase fa-fw"> 14E</i>
</a>                    </li>
                    <li>
                      <a rel="nofollow" data-method="post" href="https://beta.app4ad.pl/home/switch_agency?id=15">
                        <i class="fa fa-briefcase fa-fw"> Brain</i>
</a>                    </li>
                  <li>
                    <a rel="nofollow" data-method="post" href="https://beta.app4ad.pl/home/switch_client?id=9">
                      <i class="fa fa-shopping-cart fa-fw"> Kontigo</i>
</a>                  </li>
                  <li>
                    <a rel="nofollow" data-method="post" href="https://beta.app4ad.pl/home/switch_client?id=6">
                      <i class="fa fa-shopping-cart fa-fw"> DIY</i>
</a>                  </li>
                  <li>
                    <a rel="nofollow" data-method="post" href="https://beta.app4ad.pl/home/switch_client?id=17">
                      <i class="fa fa-shopping-cart fa-fw"> OBI</i>
</a>                  </li>
                  <li>
                    <a rel="nofollow" data-method="post" href="https://beta.app4ad.pl/home/switch_client?id=18">
                      <i class="fa fa-shopping-cart fa-fw"> Apteki Hebe</i>
</a>                  </li>
                  <li>
                    <a rel="nofollow" data-method="post" href="https://beta.app4ad.pl/home/switch_client?id=16">
                      <i class="fa fa-shopping-cart fa-fw"> DIY2</i>
</a>                  </li>
                  <li>
                    <a rel="nofollow" data-method="post" href="https://beta.app4ad.pl/home/switch_client?id=10">
                      <i class="fa fa-shopping-cart fa-fw"> Biedronka</i>
</a>                  </li>
                  <li>
                    <a rel="nofollow" data-method="post" href="https://beta.app4ad.pl/home/switch_client?id=4">
                      <i class="fa fa-shopping-cart fa-fw"> Klient testowy</i>
</a>                  </li>
                  <li>
                    <a rel="nofollow" data-method="post" href="https://beta.app4ad.pl/home/switch_client?id=15">
                      <i class="fa fa-shopping-cart fa-fw"> Norauto</i>
</a>                  </li>
                  <li>
                    <a rel="nofollow" data-method="post" href="https://beta.app4ad.pl/home/switch_client?id=7">
                      <i class="fa fa-shopping-cart fa-fw"> GO Sport</i>
</a>                  </li>
                  <li>
                    <a rel="nofollow" data-method="post" href="https://beta.app4ad.pl/home/switch_client?id=1">
                      <i class="fa fa-shopping-cart fa-fw"> Hebe</i>
</a>                  </li>
                  <li>
                    <a rel="nofollow" data-method="post" href="https://beta.app4ad.pl/home/switch_client?id=19">
                      <i class="fa fa-shopping-cart fa-fw"> OBI Sp. z o.o.</i>
</a>                  </li>
                  <li>
                    <a rel="nofollow" data-method="post" href="https://beta.app4ad.pl/home/switch_client?id=20">
                      <i class="fa fa-shopping-cart fa-fw"> Logistic_inni</i>
</a>                  </li>
                  <li>
                    <a rel="nofollow" data-method="post" href="https://beta.app4ad.pl/home/switch_client?id=22">
                      <i class="fa fa-shopping-cart fa-fw"> Delikatesy testowe Arturro</i>
</a>                  </li>
                  <li>
                    <a rel="nofollow" data-method="post" href="https://beta.app4ad.pl/home/switch_client?id=23">
                      <i class="fa fa-shopping-cart fa-fw"> dm-drogerie markt sp. z o.o.</i>
</a>                  </li>
                  <li>
                    <a rel="nofollow" data-method="post" href="https://beta.app4ad.pl/home/switch_client?id=5">
                      <i class="fa fa-shopping-cart fa-fw"> Delikatesy Centrum</i>
</a>                  </li>
                  <li>
                    <a rel="nofollow" data-method="post" href="https://beta.app4ad.pl/home/switch_client?id=12">
                      <i class="fa fa-shopping-cart fa-fw"> Aldi Sp. z o.o.</i>
</a>                  </li>
                  <li>
                    <a rel="nofollow" data-method="post" href="https://beta.app4ad.pl/home/switch_client?id=21">
                      <i class="fa fa-shopping-cart fa-fw"> Prezentacja</i>
</a>                  </li>
                  <li>
                    <a rel="nofollow" data-method="post" href="https://beta.app4ad.pl/home/switch_client?id=24">
                      <i class="fa fa-shopping-cart fa-fw"> Hebe-stara-baza</i>
</a>                  </li>
                  <li>
                    <a rel="nofollow" data-method="post" href="https://beta.app4ad.pl/home/switch_client?id=25">
                      <i class="fa fa-shopping-cart fa-fw"> Groszek</i>
</a>                  </li>
              </ul>
            </div>
          </div>
        </div>
        <div class="logo-element">
          <strong>App</strong>4ad
        </div>
      </li>
          <li class="">
      <a href="#">

          <i class="fa fa-laptop" aria-hidden="true"></i>
       
          <span class="nav-label">Admin</span>
</a>        <ul class="nav nav-second-level collapse">
              <li class="">
      <a href="https://beta.app4ad.pl/admins">

          <i class="fa fa-wrench" aria-hidden="true"></i>
       
          Preferencje
</a>    </li>

        </ul>
    </li>
    <li class="">
      <a href="#">

          <i class="fa fa-briefcase" aria-hidden="true"></i>
       
          <span class="nav-label">Abc4brands</span>
</a>        <ul class="nav nav-second-level collapse">
              <li class="">
      <a href="https://beta.app4ad.pl/agency/index">

          <i class="fa fa-calendar-check-o" aria-hidden="true"></i>
       
          Tablica
</a>    </li>
    <li class="">
      <a href="https://beta.app4ad.pl/agency/edit">

          <i class="fa fa-wrench" aria-hidden="true"></i>
       
          Preferencje
</a>    </li>

        </ul>
    </li>
    <li class="">
      <a href="#">

          <i class="fa fa-star" aria-hidden="true"></i>
       
          <span class="nav-label">Prezentacja</span>
</a>        <ul class="nav nav-second-level collapse">
              <li class="">
      <a href="https://beta.app4ad.pl/client/index">

          <i class="fa fa-calendar-check-o" aria-hidden="true"></i>
       
          Tablica
</a>    </li>
    <li class="">
      <a href="https://beta.app4ad.pl/client/edit">

          <i class="fa fa-wrench" aria-hidden="true"></i>
       
          Preferencje
</a>    </li>

        </ul>
    </li>
    <li class="">
      <a href="#">

          <i class="fa fa-shopping-cart" aria-hidden="true"></i>
       
          <span class="nav-label">AdProducts</span>
</a>        <ul class="nav nav-second-level collapse">
              <li class="">
      <a href="https://beta.app4ad.pl/products/new">

          <i class="fa fa-plus" aria-hidden="true"></i>
       
          Dodaj produkt
</a>    </li>
    <li class="">
      <a href="https://beta.app4ad.pl/product_index_grid">

          <i class="fa fa-th" aria-hidden="true"></i>
       
          Siatka produktów
</a>    </li>
    <li class="">
      <a href="https://beta.app4ad.pl/product_import_xls_view">

          <i class="fa fa-file-excel-o" aria-hidden="true"></i>
       
          Importowanie *.XLSX
</a>    </li>
    <li class="">
      <a href="https://beta.app4ad.pl/from_xls_to_prod_attrs">

          <i class="fa fa-file-excel-o" aria-hidden="true"></i>
       
          Importowanie atrybutów *.XLSX
</a>    </li>
    <li class="">
      <a href="https://beta.app4ad.pl/image_buffer">

          <i class="fa fa-upload" aria-hidden="true"></i>
       
          Bufor
</a>    </li>
    <li class="">
      <a href="https://beta.app4ad.pl/cart">

          <i class="fa fa-shopping-bag" aria-hidden="true"></i>
       
          <span class="nav-label">Koszyk zamówień <span id="cart_num" num="0">(0)</span></span>
</a>    </li>
    <li class="">
      <a href="https://beta.app4ad.pl/from_xls_to_cart">

          <i class="fa fa-file-excel-o" aria-hidden="true"></i>
       
          Koszyk zamówień-Importuj z *.XLSX
</a>    </li>

        </ul>
    </li>
    <li class="">
      <a href="#">

          <i class="fa fa-truck" aria-hidden="true"></i>
       
          <span class="nav-label">Dostawcy</span>
</a>        <ul class="nav nav-second-level collapse">
              <li class="">
      <a href="https://beta.app4ad.pl/companies">

          <i class="fa fa-th" aria-hidden="true"></i>
       
          Lista dostawców
</a>    </li>

        </ul>
    </li>
    <li class="">
      <a href="#">

          <i class="fa fa-picture-o" aria-hidden="true"></i>
       
          <span class="nav-label">Obrazy</span>
</a>        <ul class="nav nav-second-level collapse">
              <li class="">
      <a href="https://beta.app4ad.pl/images/new">

          <i class="fa fa-plus" aria-hidden="true"></i>
       
          Dodaj obraz
</a>    </li>
    <li class="">
      <a href="https://beta.app4ad.pl/images">

          <i class="fa fa-th" aria-hidden="true"></i>
       
          Przeglądaj obrazy
</a>    </li>

        </ul>
    </li>
    <li class="">
      <a href="#">

          <i class="fa fa-book" aria-hidden="true"></i>
       
          <span class="nav-label">AdCatalogues</span>
</a>        <ul class="nav nav-second-level collapse">
              <li class="">
      <a href="https://beta.app4ad.pl/leaflets/new">

          <i class="fa fa-plus" aria-hidden="true"></i>
       
          Dodaj wydawnictwo
</a>    </li>
    <li class="">
      <a href="https://beta.app4ad.pl/leaflet_types">

          <i class="fa fa-newspaper-o" aria-hidden="true"></i>
       
          Typy wydawnictw
</a>    </li>
    <li class="">
      <a href="https://beta.app4ad.pl/leaflets">

          <i class="fa fa-list" aria-hidden="true"></i>
       
          Lista
</a>    </li>
    <li class="">
      <a href="https://beta.app4ad.pl/leaflets_archived">

          <i class="fa fa-lock" aria-hidden="true"></i>
       
          Zarchiwizowane
</a>    </li>

        </ul>
    </li>
    <li class="">
      <a href="#">

          <i class="fa fa-map-o" aria-hidden="true"></i>
       
          <span class="nav-label">AdProduction</span>
</a>        <ul class="nav nav-second-level collapse">
              <li class="">
      <a href="https://beta.app4ad.pl/cart_alias">

          <i class="fa fa-shopping-bag" aria-hidden="true"></i>
       
          <span class="nav-label">Koszyk <span id="print_order_num" num="0">(0)</span></span>
</a>    </li>
    <li class="">
      <a href="https://beta.app4ad.pl/prints">

          <i class="fa fa-th" aria-hidden="true"></i>
       
          Złóż zamówienie
</a>    </li>
    <li class="">
      <a href="https://beta.app4ad.pl/print_order_collections">

          <i class="fa fa-object-group" aria-hidden="true"></i>
       
          Zamówienia zbiorcze
</a>    </li>
    <li class="">
      <a href="https://beta.app4ad.pl/print_orders">

          <i class="fa fa-list" aria-hidden="true"></i>
       
          Lista aktywnych zamówień
</a>    </li>
    <li class="">
      <a href="https://beta.app4ad.pl/print_orders_archived">

          <i class="fa fa-lock" aria-hidden="true"></i>
       
          Archiwalne zamówienia
</a>    </li>
    <li class="">
      <a href="#!">

          <i class="fa fa-eye" aria-hidden="true"></i>
       
          Prekonizacja
</a>    </li>

        </ul>
    </li>
    <li class="">
      <a href="https://beta.app4ad.pl/logistics">

          <i class="fa fa-truck" aria-hidden="true"></i>
       
          <span class="nav-label">AdLogistic</span>
</a>        <ul class="nav nav-second-level collapse">
              <li class="">
      <a href="https://beta.app4ad.pl/logistics?status=Wszystkie&amp;waiting=true">

          <i class="fa fa-exclamation-circle" aria-hidden="true"></i>
       
          Poczekalnia
</a>    </li>
    <li class="">
      <a href="https://beta.app4ad.pl/logistics?status=W+magazynie&amp;waiting=false">

          <i class="fa fa-list" aria-hidden="true"></i>
       
          Lista wzorów
</a>    </li>

        </ul>
    </li>
    <li class="">
      <a href="#">

          <i class="fa fa-envelope-o" aria-hidden="true"></i>
       
          <span class="nav-label"><span class="nav-label">Alerty <span num="0">(0)</span></span></span>
</a>        <ul class="nav nav-second-level collapse">
              <li class="">
      <a href="https://beta.app4ad.pl/alerts_pim">

          <i class="fa fa-sitemap" aria-hidden="true"></i>
       
          <span class="nav-label">PIM <span num="0">(0)</span></span>
</a>    </li>
    <li class="">
      <a href="#">

          <i class="fa fa-sitemap" aria-hidden="true"></i>
       
          <span class="nav-label"><span class="nav-label">Wisebase <span num="0">(0)</span></span></span>
</a>        <ul class="nav nav-third-level collapse">
              <li class="">
      <a href="https://beta.app4ad.pl/alerts">

          <i class="fa fa-star" aria-hidden="true"></i>
       
          <span class="nav-label">Nowe <span num="0">(0)</span></span>
</a>    </li>
    <li class="">
      <a href="https://beta.app4ad.pl/alerts_changed">

          <i class="fa fa-star-half-empty" aria-hidden="true"></i>
       
          <span class="nav-label">Zmiany <span num="0">(0)</span></span>
</a>    </li>
    <li class="">
      <a href="https://beta.app4ad.pl/alerts_error">

          <i class="fa fa-star-o" aria-hidden="true"></i>
       
          <span class="nav-label">Błędy <span num="0">(0)</span></span>
</a>    </li>

        </ul>
    </li>
    <li class="">
      <a href="#">

          <i class="fa fa-book" aria-hidden="true"></i>
       
          <span class="nav-label"><span class="nav-label">AdCatalogues<span num="0">(0)</span></span></span>
</a>        <ul class="nav nav-third-level collapse">
              <li class="">
      <a href="https://beta.app4ad.pl/alerts_leaflets">

          <i class="fa fa-pencil" aria-hidden="true"></i>
       
          <span class="nav-label">Zmiany <span num="0">(0)</span></span>
</a>    </li>
    <li class="">
      <a href="https://beta.app4ad.pl/alerts_denied">

          <i class="fa fa-times" aria-hidden="true"></i>
       
          <span class="nav-label">Odrzucone <span num="0">(0)</span></span>
</a>    </li>
    <li class="">
      <a href="https://beta.app4ad.pl/alerts_acceptance">

          <i class="fa fa-check-square-o" aria-hidden="true"></i>
       
          <span class="nav-label">Akceptacja <span num="0">(0)</span></span>
</a>    </li>

        </ul>
    </li>
    <li class="">
      <a href="https://beta.app4ad.pl/alerts_photos">

          <i class="fa fa-picture-o" aria-hidden="true"></i>
       
          <span class="nav-label">Zdjęcia <span num="0">(0)</span></span>
</a>    </li>
    <li class="">
      <a href="https://beta.app4ad.pl/alerts_bb_photos">

          <i class="fa fa-dropbox" aria-hidden="true"></i>
       
          <span class="nav-label">BB zdjęcia<span num="0">(0)</span></span>
</a>    </li>
    <li class="">
      <a href="https://beta.app4ad.pl/alerts_wb_photos">

          <i class="fa fa-dropbox" aria-hidden="true"></i>
       
          <span class="nav-label">Paczki zdjęć&nbsp;WB<span num="0">(0)</span></span>
</a>    </li>
    <li class="">
      <a href="https://beta.app4ad.pl/alerts_e_commerce">

          <i class="fa fa-dropbox" aria-hidden="true"></i>
       
          <span class="nav-label">Paczki E-commerce<span num="0">(0)</span></span>
</a>    </li>

        </ul>
    </li>
    <li class="">
      <a href="#">

          <i class="fa fa-users" aria-hidden="true"></i>
       
          <span class="nav-label">AdCampaigns</span>
</a>        <ul class="nav nav-second-level collapse">
              <li class="">
      <a href="https://beta.app4ad.pl/campaigns">

          <i class="fa fa-th-list" aria-hidden="true"></i>
       
          Lista
</a>    </li>
    <li class="">
      <a href="https://beta.app4ad.pl/campaigns_archived">

          <i class="fa fa-lock" aria-hidden="true"></i>
       
          Zarchiwizowane
</a>    </li>
    <li class="">
      <a href="https://beta.app4ad.pl/campaign_templates">

          <i class="fa fa-puzzle-piece" aria-hidden="true"></i>
       
          Szablony
</a>    </li>
    <li class="">
      <a href="https://beta.app4ad.pl/campaign_search">

          <i class="fa fa-search" aria-hidden="true"></i>
       
          Wyszukiwarka
</a>    </li>
    <li class="">
      <a href="https://beta.app4ad.pl/presentations">

          <i class="fa fa-film" aria-hidden="true"></i>
       
          Prezentacje
</a>    </li>

        </ul>
    </li>
    <li class="">
      <a href="#!">

          <i class="fa fa-university" aria-hidden="true"></i>
       
          <span class="nav-label">AdStock</span>
</a>        <ul class="nav nav-second-level collapse">
              <li class="">
      <a href="https://beta.app4ad.pl/stocks">

          <i class="fa fa-th" aria-hidden="true"></i>
       
          Przeglądaj
</a>    </li>
    <li class="">
      <a href="https://beta.app4ad.pl/lists">

          <i class="fa fa-th-list" aria-hidden="true"></i>
       
          Listy
</a>    </li>
    <li class="">
      <a href="https://beta.app4ad.pl/stocks_buffer">

          <i class="fa fa-plus" aria-hidden="true"></i>
       
          Dodaj aranżację
</a>    </li>

        </ul>
    </li>
    <li class="">
      <a href="#!">

          <i class="fa fa-shopping-basket" aria-hidden="true"></i>
       
          <span class="nav-label">E-commerce</span>
</a>        <ul class="nav nav-second-level collapse">
              <li class="">
      <a href="https://beta.app4ad.pl/mod_ecommerce">

          <span style="color: #1ab394;">
            <i class="fa fa-shopping-basket" aria-hidden="true"></i>
          </span>
       
          Home
</a>    </li>
    <li class="">
      <a href="https://beta.app4ad.pl/mod_ecommerce/addneworder">

          <span style="color: #1ab394;">
            <i class="fa fa-plus-circle" aria-hidden="true"></i>
          </span>
       
          Nowe zlecenie
</a>    </li>
    <li class="">
      <a href="https://beta.app4ad.pl/mod_ecommerce/sendedprojects">

          <span style="color: #1ab394;">
            <i class="fa fa-paper-plane" aria-hidden="true"></i>
          </span>
       
          Przesłane
</a>    </li>
    <li class="">
      <a href="https://beta.app4ad.pl/mod_ecommerce/inprogressprojects">

          <span style="color: #1ab394;">
            <i class="fa fa-heart" aria-hidden="true"></i>
          </span>
       
          W realizacji
</a>    </li>
    <li class="">
      <a href="https://beta.app4ad.pl/mod_ecommerce/draft">

          <span style="color: #1ab394;">
            <i class="fa fa-folder-open" aria-hidden="true"></i>
          </span>
       
          Szkice
</a>    </li>
    <li class="">
      <a href="https://beta.app4ad.pl/mod_ecommerce/reformatting">

          <span style="color: #1ab394;">
            <i class="fa fa-bomb" aria-hidden="true"></i>
          </span>
       
          Reformaty
</a>    </li>
    <li class="">
      <a href="https://beta.app4ad.pl/mod_ecommerce/archive">

          <span style="color: #1ab394;">
            <i class="fa fa-archive" aria-hidden="true"></i>
          </span>
       
          Archiwum
</a>    </li>
    <li class="">
      <a href="https://beta.app4ad.pl/mod_ecommerce/team">

          <span style="color: #1ab394;">
            <i class="fa fa-users" aria-hidden="true"></i>
          </span>
       
          Team
</a>    </li>
    <li class="">
      <a href="https://beta.app4ad.pl/mod_ecommerce/notifications">

          <span style="color: #1ab394;">
            <i class="fa fa-bell" aria-hidden="true"></i>
          </span>
       
          Powiadomienia
</a>    </li>
    <li class="">
      <a href="https://beta.app4ad.pl/mod_ecommerce/raports">

          <span style="color: #1ab394;">
            <i class="fa fa-pie-chart" aria-hidden="true"></i>
          </span>
       
          Raportowanie
</a>    </li>
    <li class="">
      <a href="https://beta.app4ad.pl/mod_ecommerce/specification">

          <span style="color: #1ab394;">
            <i class="fa fa-wrench" aria-hidden="true"></i>
          </span>
       
          Specyfikacja
</a>    </li>

        </ul>
    </li>



    </ul>

  </div>
</nav>


        <!-- Page wraper -->
        <div id="page-wrapper" class="gray-bg" style="min-height: 1411px;">

            <!-- Page wrapper -->
            <div class="row border-bottom">

    <nav class="navbar navbar-static-top white-bg" role="navigation" style="margin-bottom: 0">
        <a class="navbar-minimalize minimalize-styl-2 btn btn-primary " href="#">
            <i class="fa fa-arrows-h"></i>
        </a>
        <div class="minimalize-styl-2">
            <ol class="breadcrumb">
                <li>
                    <a href="https://beta.app4ad.pl/leaflets">
                      Wydawnictwa
                    </a>
                </li>
                <li>
                    <a href="https://beta.app4ad.pl/leaflets/1305">
                      prezentacja Netto
                    </a>
                </li>
                <li>
                    <a href="https://beta.app4ad.pl/leaflets/1305/pages/106494">
                      Strona 1
                    </a>
                </li>
                <li>
                    <strong>
                    <a href="">
                      korekta wydawnictwa prezentacja Netto - 1 strony 1
                    </a>
                    </strong>
                </li>
            </ol>
        </div>

        <ul class="nav navbar-top-links navbar-right">

          <li><a href="#!"><span id="text-timer" style="margin-right: 0px;">&nbsp;</span></a></li>
          <li><a href="#!">Do końca sesji:  <span id="session-timer">25min 29s</span></a></li>
          
          <li><div style="border-right: 1px solid #abaaaa;">&nbsp;</div></li>

              <li><a data-toggle="tooltip" data-placement="bottom" title="" href="https://beta.app4ad.pl/pages/106494/correction?locale=en" data-original-title="Zmień język">EN</a></li>

            <li><div style="border-right: 1px solid #abaaaa;">&nbsp;</div></li>
            <li><a href="https://beta.app4ad.pl/edit_password">Zmień hasło</a></li>
            <li><a rel="nofollow" data-method="delete" href="https://beta.app4ad.pl/users/sign_out"><i class="fa fa-sign-out"></i> Wyloguj</a></li>
        </ul>

    </nav>
</div>


            <ul class="sortable-list connectList agile-list ui-sortable" id="todo">
            </ul>
                      
            <!-- Main view  -->
            <style>
  .btn-status{
    display: initial;
    float: left;
    margin-top: -7px;
    margin-left: -7px;
    margin-right: 5px;
    cursor: default;
  }
  .ibox-title-correction{
    border-width: 0px;
    margin-bottom: 1px;
  }
  .ibox-content-fixed-width{
    height:  270px;
    max-height: 350px;
    overflow-y: auto;
    overflow-x: hidden;
  }
  .width02{
    width: 20%;
  }
  table.table td{
    vertical-align: top !important;
  }
  table.table tr, table.table td, table.table{
    border: 1px solid #e7eaec;
  }

  .pdf_container{
    line-height: 1;
  }
  .pdf_container div, .pdf_container td, .pdf_container h2, .pdf_container h3, .pdf_container h4, .pdf_container h5{
    margin-top: 2px !important;
    padding-top: 2px !important;
    margin-bottom: 2px !important;
    padding-bottom: 2px !important;
  }
  .pdf_container .photo-preview {
    max-width: 200px;
    max-height: 200px;
    border-radius: 3px;
  }
  .pdf_container .feed-element:first-child {
    margin-top: 2px; /* aby bylo rowno - bo dolozylem rowy i col-lg-4 dla komentarzy w pdf */
  }
  .bg-white{
    background-color: #fff;
  }
  h4 span > a{
    color: #676a6c;
  }
  span.badge-danget > a{
    color: white;
  }
  .affix {
    top: 20px;
  }

  .fixed-panel {
    min-height: 200px;
    max-height: 200px;
    overflow-y: scroll;
  }
  .ibox-success {
    border-top: 4px solid hsla(168, 75%, 40%, 0.45);
  }
  .ibox-danger {
    border-top: 4px solid rgba(237, 85, 101, 0.52);
  }
  .ibox-default {
    border-top: 4px solid rgba(225, 225, 225, 0.52);
    animation: border-pulse 2s infinite;
  }
  .mouseover-popup {
    width: 750px;
    display: none;
    position: absolute;
    top: 30px;
    left: 90px;
    border: 1px solid #dcdcdc;
    border-radius: 5px;
    background-color: #fff;
    z-index: 1111;
    padding: 0px;
  }
  .mouseover-popup-joined-prod {
    width: 750px;
    display: none;
    position: fixed;
    top: 330px;
    left: 670px;
    border: 1px solid #dcdcdc;
    border-radius: 5px;
    background-color: #fff;
    z-index: 1111;
    padding: 0px;
  }
  .mouseover-popup-click {
    width: 750px;
    display: none;
    position: absolute;
    top: 130px;
    left: 140px;
    border: 1px solid #dcdcdc;
    border-radius: 5px;
    background-color: #fff;
    z-index: 1111;
    padding: 0px;
  }

  .mouseover-popup-click-pict {
    width: 350px;
    display: none;
    position: absolute;
    top: 100px;
    left: -370px;
    border: 1px solid #dcdcdc;
    border-radius: 5px;
    background-color: #fff;
    /*z-index: 12;*/
    padding: 0px;
  }
  .mouseover-popup-click-pict-hover {
    width: 350px;
    display: none;
    position: absolute;
    top: 100px;
    left: -370px;
    border: 1px solid #dcdcdc;
    border-radius: 5px;
    background-color: #fff;
    /*z-index: 12;*/
    padding: 0px;
  }

  .a-mouseover {
    position: relative;
  }
  .a-mouseover:hover > .mouseover-popup {
    display: block;
    z-index: 99999 !important;
  }

  .a-mouseover:hover > .mouseover-popup-joined-prod {
    display: block;
    z-index: 99999 !important;
  }

  @keyframes border-pulse {
     0%   { border-top: 4px solid rgba(225, 225, 225, 0.52); }
    50% { border-top: 4px solid rgba(200, 200, 200, 0.9); }
    100%   { border-top: 4px solid rgba(225, 225, 225, 0.52); }
  }
  .vert_algn_mid{
    vertical-align: middle
  }
  .hidden{
    display: none;
  }
  th{
    text-align: center;
  }
  .logo_pic_abs{
    position: absolute;
    top: 7px;
    right: 22px;
  }
  .logo_pic_rm_ph{
    position: absolute;
    top: 66px;
    right: 4px;
  }
  .logo_pic_warn_ph{
    position: absolute;
    top: 5px;
    left: 5px;
  }
  .a-popover{
    color: inherit;
  }
  .project-list table tr td {
    padding: 4px 8px;
    min-height: 45px;
  }

  .input-group {
    position: relative;
    display: -ms-flexbox;
    display: flex;
    -ms-flex-wrap: wrap;
    flex-wrap: wrap;
    -ms-flex-align: stretch;
    align-items: stretch;
    width: 100%;
  }

  .input-group > .form-control,
  .input-group > .form-control-plaintext,
  .input-group > .custom-select,
  .input-group > .custom-file {
    position: relative;
    -ms-flex: 1 1 auto;
    flex: 1 1 auto;
    width: 1%;
    margin-bottom: 0;
  }

  .input-group > .form-control + .form-control,
  .input-group > .form-control + .custom-select,
  .input-group > .form-control + .custom-file,
  .input-group > .form-control-plaintext + .form-control,
  .input-group > .form-control-plaintext + .custom-select,
  .input-group > .form-control-plaintext + .custom-file,
  .input-group > .custom-select + .form-control,
  .input-group > .custom-select + .custom-select,
  .input-group > .custom-select + .custom-file,
  .input-group > .custom-file + .form-control,
  .input-group > .custom-file + .custom-select,
  .input-group > .custom-file + .custom-file {
    margin-left: -1px;
  }

  .input-group > .form-control:focus,
  .input-group > .custom-select:focus,
  .input-group > .custom-file .custom-file-input:focus ~ .custom-file-label {
    z-index: 3;
  }

  .input-group > .custom-file .custom-file-input:focus {
    z-index: 4;
  }

  .input-group > .form-control:not(:last-child),
  .input-group > .custom-select:not(:last-child) {
    border-top-right-radius: 0;
    border-bottom-right-radius: 0;
  }

  .input-group > .form-control:not(:first-child),
  .input-group > .custom-select:not(:first-child) {
    border-top-left-radius: 0;
    border-bottom-left-radius: 0;
  }

  .input-group > .custom-file {
    display: -ms-flexbox;
    display: flex;
    -ms-flex-align: center;
    align-items: center;
  }

  .input-group > .custom-file:not(:last-child) .custom-file-label,
  .input-group > .custom-file:not(:last-child) .custom-file-label::after {
    border-top-right-radius: 0;
    border-bottom-right-radius: 0;
  }

  .input-group > .custom-file:not(:first-child) .custom-file-label {
    border-top-left-radius: 0;
    border-bottom-left-radius: 0;
  }

  .input-group-prepend,
  .input-group-append {
    display: -ms-flexbox;
    display: flex;
  }

  .input-group-prepend .btn,
  .input-group-append .btn {
    position: relative;
    z-index: 2;
  }

  .input-group-prepend .btn:focus,
  .input-group-append .btn:focus {
    z-index: 3;
  }

  .input-group-prepend .btn + .btn,
  .input-group-prepend .btn + .input-group-text,
  .input-group-prepend .input-group-text + .input-group-text,
  .input-group-prepend .input-group-text + .btn,
  .input-group-append .btn + .btn,
  .input-group-append .btn + .input-group-text,
  .input-group-append .input-group-text + .input-group-text,
  .input-group-append .input-group-text + .btn {
    margin-left: -1px;
  }

  .input-group-prepend {
    margin-right: -1px;
  }

  .input-group-append {
    margin-left: -1px;
  }

  .input-group-text {
    display: -ms-flexbox;
    display: flex;
    -ms-flex-align: center;
    align-items: center;
    padding: 0.375rem 0.75rem;
    margin-bottom: 0;
    font-size: 1rem;
    font-weight: 400;
    line-height: 1.5;
    color: #495057;
    text-align: center;
    white-space: nowrap;
    background-color: #e9ecef;
    border: 1px solid #ced4da;
    border-radius: 0.25rem;
  }

  .input-group-text input[type="radio"],
  .input-group-text input[type="checkbox"] {
    margin-top: 0;
  }

  .input-group-lg > .form-control:not(textarea),
  .input-group-lg > .custom-select {
    height: calc(1.5em + 1rem + 2px);
  }

  .input-group-lg > .form-control,
  .input-group-lg > .custom-select,
  .input-group-lg > .input-group-prepend > .input-group-text,
  .input-group-lg > .input-group-append > .input-group-text,
  .input-group-lg > .input-group-prepend > .btn,
  .input-group-lg > .input-group-append > .btn {
    padding: 0.5rem 1rem;
    font-size: 1.25rem;
    line-height: 1.5;
    border-radius: 0.3rem;
  }

  .input-group-sm > .form-control:not(textarea),
  .input-group-sm > .custom-select {
    height: calc(1.5em + 0.5rem + 2px);
  }

  .input-group-sm > .form-control,
  .input-group-sm > .custom-select,
  .input-group-sm > .input-group-prepend > .input-group-text,
  .input-group-sm > .input-group-append > .input-group-text,
  .input-group-sm > .input-group-prepend > .btn,
  .input-group-sm > .input-group-append > .btn {
    padding: 0.25rem 0.5rem;
    font-size: 0.875rem;
    line-height: 1.5;
    border-radius: 0.2rem;
  }

  .input-group-lg > .custom-select,
  .input-group-sm > .custom-select {
    padding-right: 1.75rem;
  }

  .input-group > .input-group-prepend > .btn,
  .input-group > .input-group-prepend > .input-group-text,
  .input-group > .input-group-append:not(:last-child) > .btn,
  .input-group > .input-group-append:not(:last-child) > .input-group-text,
  .input-group > .input-group-append:last-child > .btn:not(:last-child):not(.dropdown-toggle),
  .input-group > .input-group-append:last-child > .input-group-text:not(:last-child) {
    border-top-right-radius: 0;
    border-bottom-right-radius: 0;
  }

  .input-group > .input-group-append > .btn,
  .input-group > .input-group-append > .input-group-text,
  .input-group > .input-group-prepend:not(:first-child) > .btn,
  .input-group > .input-group-prepend:not(:first-child) > .input-group-text,
  .input-group > .input-group-prepend:first-child > .btn:not(:first-child),
  .input-group > .input-group-prepend:first-child > .input-group-text:not(:first-child) {
    border-top-left-radius: 0;
    border-bottom-left-radius: 0;
  }
  .input-group-addon {
    background-color: #fff;
    border: 1px solid #E5E6E7;
    border-radius: 1px;
    color: inherit;
    font-size: 14px;
    font-weight: 400;
    line-height: 1;
    padding: 10px 30px 8px 10px;
    text-align: center;
 }

  div.custom-modal .modal-header,
  div.custom-modal .modal-body{
      border: none;
      padding: 30px 0;
      overflow: hidden;
  }

  div.custom-modal .modal-body{
      border: none;
      padding: 0 0 45px;
      height: 650px;
      max-height: 650px;
      overflow-x: hidden;
      overflow-y: auto;
  }

  div.custom-modal .modal-header button{
      padding: 0 15px 15px;
      display: block;
      float: none;
      margin-left: auto;
  }

  div.custom-modal .modal-lg{
      max-width: 600px;
  }  
  div.custom-modal .custom-row,
  div.custom-modal .div_containers .custom-row{
      display: flex;
      justify-content: space-between;
      align-items: center;
      margin-bottom: 10px;
  }

  div.custom-modal .custom-row .column-left,
  div.custom-modal  .div_containers .custom-row .column-left{
      width: 41.6666666667%;
      text-align: right;
      padding: 0 15px;
  }
  div.custom-modal .custom-row .column-right,
  div.custom-modal  .div_containers .custom-row .column-right{
      width: 58.3333333333%;
      text-align: left;
      padding: 0 30px 0 0;
  }

  div.custom-modal .modal-header .column-left{
      display: flex;
      justify-content: center;
      align-items: center;
      color: #1ab394;
  }

  div.custom-modal .modal-header .column-left i{
      color: #eee;
      font-size: 30px;
  }

  div.custom-modal .modal-header .column-left h4{
      font-size: 18px;
      font-weight: 300;
      text-transform: uppercase;
      line-height: 1;
      text-align: left;
  }

  div.custom-modal .modal-header .column-right{
      color: white;
      background-color: #1ab394;
      border-radius: 5px 0 0 5px;
      padding: 5px 15px;
  }

  div.custom-modal small{
      text-transform: uppercase;
  }

  div.custom-modal .modal-body .column-left{
      font-size: 18px;
      font-weight: 400;
      text-transform: uppercase;
      line-height: 1;
      margin:0;
  }

  div.custom-modal .custom-row .column-right input,
  div.custom-modal .custom-row .column-right select,
  div.custom-modal .custom-row .column-right textarea{
      background: #eee;
      border-radius: 5px;
  }

  div.custom-modal .modal-footer .submit-button{
      margin: 0px auto 0;
  }

  div.custom-modal .modal-footer .submit-button input{
      font-size: 18px;
      text-transform: uppercase;
      line-height: 1;
      border-radius: 5px;
      padding: 5px 55px;
      display: block;
      margin: auto;
  }
  .weight_start { border-radius: 5px !important; }
  .weight_middle { border-radius: 5px !important; }
  .weight_end { border-radius: 5px !important; }
  .weight_net_start{ border-radius: 5px !important; }
  .weight_net_middle{ border-radius: 5px !important; }
  .weight_net_end{ border-radius: 5px !important;  }
  .input-group-addon{ 
    border: none; 
    background-color: #f8fafb; 
    padding: 10px 15px 3px 10px;
  }
  div.custom-modal .custom-row .select2-selection,
  .select2-dropdown, .chosen-container, .chosen-dropdown, .chosen-single{
    background-color: #eee !important;
    border-color: #e5e6e7 !important;
  }
  .pd-30{ padding: 20px; }
  .select2-search__field { background-color: #eee; }
  .modal-footer, .modal-header {
    background-color: #f8fafb;
    border-top: none;
    border-radius: 15px;
  }
  .modal-footer{
    padding-bottom: 35px;
  }
  .modal-attribute-name{
    float: left;
  }
  .input-group-prepend{
    border: 1px solid #e5e6e7;background-color: #eee
  }
  .input-group-addon{
    background-color: inherit;
  }

  .chosen-container .chosen-results li.disabled-result { color: #ccc !important; }
</style>
<link rel="stylesheet" href="Prezentacja%20-%20App4Ad_pliki/ekko-lightbox.css" integrity="sha256-HAaDW5o2+LelybUhfuk0Zh2Vdk8Y2W2UeKmbaXhalfA=" crossorigin="anonymous">

<script src="Prezentacja%20-%20App4Ad_pliki/ekko-lightbox.min.js" integrity="sha256-Y1rRlwTzT5K5hhCBfAFWABD4cU13QGuRN6P5apfWzVs=" crossorigin="anonymous"></script>

<div class="row">
  <div class="col-md-12">
    

    <br>
    <ul class="pagination" style="display: block; padding: inherit; margin-top: -0px;">
    <li style="z-index: 5 !important;">
      <a style="line-height: 2.5;" href="https://beta.app4ad.pl/leaflets/1305"> 
        Powrót do wydawnictwa
</a>    </li>
      <li style="z-index: 5 !important;">
        <a style="line-height: 2.5;background-color: #eee;" href="https://beta.app4ad.pl/pages/106494/correction" class=" a-mouseover">
          Strona 1
          <div class="mouseover-popup animated fadeInRight" style="width: inherit;">
              <img src="">
          </div>
        </a>
      </li>
      <li style="z-index: 5 !important;">
        <a style="line-height: 2.5;" href="https://beta.app4ad.pl/pages/106495/correction" class=" a-mouseover">
          Strona 2
          <div class="mouseover-popup animated fadeInRight" style="width: inherit;">
              <img src="">
          </div>
        </a>
      </li>
      <li style="z-index: 5 !important;">
        <a style="line-height: 2.5;" href="https://beta.app4ad.pl/pages/106497/correction" class=" a-mouseover">
          Strona 3
          <div class="mouseover-popup animated fadeInRight" style="width: inherit;">
              <img src="">
          </div>
        </a>
      </li>
      <li style="z-index: 5 !important;">
        <a style="line-height: 2.5;" href="https://beta.app4ad.pl/pages/106496/correction" class=" a-mouseover">
          Strona 4
          <div class="mouseover-popup animated fadeInRight" style="width: inherit;">
              <img src="">
          </div>
        </a>
      </li>
      <li style="z-index: 5 !important;">
        <a style="line-height: 2.5;" href="https://beta.app4ad.pl/pages/113206/correction" class=" a-mouseover">
          Strona 5
          <div class="mouseover-popup animated fadeInRight" style="width: inherit;">
              <img src="">
          </div>
        </a>
      </li>
      <li style="z-index: 5 !important;">
        <a style="line-height: 2.5;" href="https://beta.app4ad.pl/pages/115646/correction" class=" a-mouseover">
          Strona 6
          <div class="mouseover-popup animated fadeInRight" style="width: inherit;">
              <img src="">
          </div>
        </a>
      </li>
    </ul>
  </div>
</div>


<div class="project-list">
    
  <div class="row m-t-lg">
  <div class="col-md-12">

    <div class="tabs-container">

      <div class="tabs-left">

        <ul class="nav nav-tabs">
            <li class="active">
              <a data-toggle="tab" aria-expanded="true" href="#module-796310" class="tab-module a-mouseover" module_id="796310" style="border-color: none; border-radius: 4px;">
                <span class="badge badge-danger changed" module_id="796310">
                  Moduł 1
                </span>
                <br>(Dział: Żywność)

                
    <div class="mouseover-popup animated fadeInRight" style="width: inherit; min-width: 300px; text-align: center; margin-left: 100px;">
                    
            
                    <img src="Prezentacja%20-%20App4Ad_pliki/thumb_22223002_2.png">
                <div style="background-color: #d4dade; color: #848688">
                    Arbuz
                </div>


    </div>



              </a>
            </li>

            <li class="">
              <a data-toggle="tab" aria-expanded="false" href="#module-796308" class="tab-module a-mouseover" module_id="796308" style="border-color: none; border-radius: 4px;">
                <span class="badge badge-danger " module_id="796308">
                  Moduł 2
                </span>
                <br>(Dział: Food)

                
    <div class="mouseover-popup animated fadeInRight" style="width: inherit; min-width: 300px; text-align: center; margin-left: 100px;">
                    
            
                    <img src="Prezentacja%20-%20App4Ad_pliki/thumb_5449000011114_1.png">
                <div style="background-color: #d4dade; color: #848688">
                    Napój Coca - Cola
                </div>


    </div>



              </a>
            </li>

            <li class="">
              <a data-toggle="tab" aria-expanded="false" href="#module-796311" class="tab-module a-mouseover" module_id="796311" style="border-color: none; border-radius: 4px;">
                <span class="badge badge-default " module_id="796311">
                  Moduł 3
                </span>
                <br>(Dział: Żywność)

                
    <div class="mouseover-popup animated fadeInRight" style="width: inherit; min-width: 300px; text-align: center; margin-left: 100px;">
                    
            
                    <img src="Prezentacja%20-%20App4Ad_pliki/thumb_2301475000000_2.png">
                <div style="background-color: #d4dade; color: #848688">
                    Szynka bez kości
                </div>


    </div>



              </a>
            </li>

            <li class="">
              <a data-toggle="tab" aria-expanded="false" href="#module-796309" class="tab-module a-mouseover" module_id="796309" style="border-color: none; border-radius: 4px;">
                <span class="badge badge-danger " module_id="796309">
                  Moduł 4
                </span>
                <br>(Dział: Food)

                
    <div class="mouseover-popup animated fadeInRight" style="width: inherit; min-width: 300px; text-align: center; margin-left: 100px;">
                    
            
                    <h2>Brak zdjęć dla produktu<br></h2>
                <div style="background-color: #d4dade; color: #848688">
                    Kabanosy Exclusive
                </div>


    </div>



              </a>
            </li>

        </ul>
          
        <div class="tab-content">
            <div id="module-796310" class="tab-pane active">
              <div class="panel-body" style="background-color: #f3f3f4; border: 0px; padding-top: 2px;">
                <div class="col-md-12"><style>
.popover{
  z-index: 99999999 !important;
}
.tooltip{
  z-index: 99999999999 !important;
}
.popover-content {
  word-break: break-all;
}

</style>



  <div class="row" product_id="1215118" product_type="main" module_id="796310" photos_count="2">
    <div class="col-lg-12 feed-activity-list" id="cluster_info"> <!-- feed-activity-list dotyczy komentarzy poniżej -->

          
        <div class="row">


          <div class="col-lg-3" style="padding-right: 0px; padding-left: 5px;">
  <div class="ibox" field="product" style="margin-bottom: 5px">
      <div class="ibox-title ibox-title-correction">
          <h5 class="m-b-md" style="">PRODUKT</h5>
      </div>
      <div class="ibox-content ibox-content-fixed-width ibox-danger" product_id="1215118">
        
                  <div class="buttons" field="product" style="position: absolute; right: 25px; top: 8px;">
        

            <div class="text-right" style="float: right; margin-left: 4px;">
            <span data-toggle="tooltip" title="" data-original-title="Zaakceptuj">
              <a class="hover-animate  " action="accept">
                <!--?xml version="1.0" encoding="UTF-8"?-->
    <svg xmlns="http://www.w3.org/2000/svg" id="Isolation_Mode" data-name="Isolation Mode" viewBox="0 0 24 24" width="512" height="512" style="width: 18px; height: 26px;">
    <path fill="#1ab394" d="M7.8,21.425A2.542,2.542,0,0,1,6,20.679L.439,15.121,2.561,13,7.8,18.239,21.439,4.6l2.122,2.121L9.6,20.679A2.542,2.542,0,0,1,7.8,21.425Z"></path></svg> 
              </a>
            </span>
            </div>&nbsp;

          <!-- popraw przy atrybutach nie-produktu -->

          &nbsp;
              <div class="text-right" style="float: right;">
                
  <div style="display: inline-block; padding-left: 5px;" data-toggle="tooltip" title="" data-original-title="Wymień produkt">
    <a class="" data-toggle="modal" data-target="#edit_product_modal" change-product="true" with-main-product="true" with-m2m-products="false" style="display: inline-flex;">
      <!--?xml version="1.0" encoding="UTF-8"?-->
      <svg xmlns="http://www.w3.org/2000/svg" id="Isolation_Mode" data-name="Isolation Mode" viewBox="0 0 24 24" width="512" height="512" style="width: 18px; height: 26px;">
      <path fill="#1ab394" d="M21,12a9.038,9.038,0,1,1-2.647-6.353L16,8h5.909A1.09,1.09,0,0,0,23,6.909V1L20.471,3.529A11.98,11.98,0,1,0,24,12Z"></path></svg>
      

    </a>
  </div>

    <div style="display: inline-block; padding-left: 5px;" data-toggle="tooltip" title="" data-original-title="Zmień na reklamę">
      <a class="" type="button" data-toggle="modal" data-target="#edit_product_modal" change-product="true" page-module-mode="true" page-module-field="advert" style="display: inline-flex;">
        <!--?xml version="1.0" encoding="UTF-8"?-->
      <svg xmlns="http://www.w3.org/2000/svg" viewBox="0 0 24 24" width="512" height="512" style="width: 18px; height: 26px;">
      <g id="_01_align_center" fill="#1ab394" data-name="01 align center"><path d="M18,6A6,6,0,0,0,6,6H0V21a3,3,0,0,0,3,3H14V22H3a1,1,0,0,1-1-1V8H6v2H8V8h8v2h2V8h4v6h2V6ZM8,6a4,4,0,0,1,8,0Z"></path><polygon points="21 16 19 16 19 19 16 19 16 21 19 21 19 24 21 24 21 21 24 21 24 19 21 19 21 16"></polygon></g></svg>
      
      </a>
    </div>

    <div style="display: inline-block; padding-left: 5px;" data-toggle="tooltip" title="" data-original-title="Dodaj produkty">
      <a class="" type="button" data-toggle="modal" data-target="#edit_product_modal" change-product="true" with-main-product="false" with-m2m-products="true" style="display: inline-flex;">
        <!--?xml version="1.0" encoding="UTF-8"?-->
      <svg xmlns="http://www.w3.org/2000/svg" id="Isolation_Mode" data-name="Isolation Mode" viewBox="0 0 24 24" width="512" height="512" style="width: 18px; height: 26px;">
      <polygon fill="#1ab394" points="24 10.5 13.5 10.5 13.5 0 10.5 0 10.5 10.5 0 10.5 0 13.5 10.5 13.5 10.5 24 13.5 24 13.5 13.5 24 13.5 24 10.5"></polygon></svg>
      
      </a>
    </div>
    <div style="display: inline-block; padding-left: 5px;" data-toggle="tooltip" title="" data-original-title="Usuń produkt">
      <a data-confirm="Jesteś pewien?" class="" rel="nofollow" data-method="delete" href="https://beta.app4ad.pl/module_products/1215118?custom_redirect=%2Fpages%2F106494%2Fcorrection%23module-796310">
          <!--?xml version="1.0" encoding="UTF-8"?-->
      <svg xmlns="http://www.w3.org/2000/svg" viewBox="0 0 24 24" width="512" height="512" style="width: 18px; height: 26px;">
      <g id="_01_align_center" fill="#ED5565" data-name="01 align center"><path d="M22,4H17V2a2,2,0,0,0-2-2H9A2,2,0,0,0,7,2V4H2V6H4V21a3,3,0,0,0,3,3H17a3,3,0,0,0,3-3V6h2ZM9,2h6V4H9Zm9,19a1,1,0,0,1-1,1H7a1,1,0,0,1-1-1V6H18Z"></path>
      <rect fill="#ED5565" x="9" y="10" width="2" height="8"></rect>
      <rect fill="#ED5565" x="13" y="10" width="2" height="8"></rect></g></svg>
      
</a>

    </div>


              </div>


      </div>


          <p>
              

            <i class="fa fa-bookmark-o fa-fw" aria-hidden="true" data-toggle="tooltip" title="" data-original-title="Index"></i>
            <br>

            <i class="fa fa-barcode fa-fw" aria-hidden="true" data-toggle="tooltip" title="" data-original-title="EAN"></i>
            22223002<br>


            <!-- <span class="m-b-md"><b>Producent</b>:</span> -->
            <i class="fa fa-tag fa-fw" aria-hidden="true" data-toggle="tooltip" title="" data-original-title="Producent"></i>
            <br>

            <i class="fa fa-cubes fa-fw" aria-hidden="true" data-toggle="tooltip" title="" data-original-title="Dział"></i>
            Żywność<br>
            
            <br>

          </p>
          <h3 class="m-b-md" style="margin: -10px 0px 0px 0px;">Produkty powiązane:</h3>
          <ol style="margin-left: -25px">
          </ol>

      </div>
  </div>
</div>

          <div class="col-lg-3" style="padding-right: 0px; padding-left: 5px;">
  <div class="ibox" field="photos" style="margin-bottom: 5px">
    <div class="ibox-title ibox-title-correction">
      <h5 class="m-b-md">ZDJĘCIA (1/1)</h5>
    </div>

    <div class="ibox-content ibox-content-fixed-width ibox-success" product_id="1215118">
      <div class="ibox" field="photos">
                <div class="buttons" field="photos" style="position: absolute; right: 25px; top: 8px;">
        


          <!-- popraw przy atrybutach nie-produktu -->
            <div class="text-right" style="float: right; margin-left: 4px;">
              <span data-toggle="tooltip" title="" data-original-title="Popraw">
                <a class="" type="button" data-toggle="modal" data-target="#edit_product_modal">
                  <!--?xml version="1.0" encoding="UTF-8"?-->
      <svg xmlns="http://www.w3.org/2000/svg" viewBox="0 0 24 24" width="512" height="512" style="width: 18px; height: 26px;">
      <g id="_01_align_center" data-name="01 align center">
      <path fill="#f8ac59" d="M22.94,1.06a3.626,3.626,0,0,0-5.124,0L0,18.876V24H5.124L22.94,6.184A3.627,3.627,0,0,0,22.94,1.06ZM4.3,22H2V19.7L15.31,6.4l2.3,2.3ZM21.526,4.77,19.019,7.277l-2.295-2.3L19.23,2.474a1.624,1.624,0,0,1,2.3,2.3Z"></path></g></svg>
      
                </a>
              </span>
            </div>


      </div>


            <i class="fa fa-check-circle fa-fw" aria-hidden="true" style="color: green"></i>
        <div class="row">
          <div class="col-sm-4" style="padding: 2px; white-space: nowrap; overflow: hidden; text-overflow: ellipsis;">
            <div class="product-imitation" style=" cursor: pointer; height: 25px; padding: 45px 0px; background-image: url('/uploads/photo/prezentacja/photo/thumb_22223002_2.png');" href="/uploads/photo/prezentacja/photo/22223002_2.png" data-toggle="lightbox" data-footer="22223002_2.png"> 

            </div>
            22223002_2
            
          </div>

        </div>
      </div>
    </div>
  </div>
</div>

          <div class="col-lg-3" style="padding-right: 0px; padding-left: 5px;">
  <div class="ibox" field="logo" style="margin-bottom: 5px">
    <div class="ibox-title ibox-title-correction">
      <h5 class="m-b-md">LOGOTYPY</h5>
    </div>
    <div class="ibox-content ibox-content-fixed-width ibox-danger" product_id="1215118">
                <div class="buttons" field="logo" style="position: absolute; right: 25px; top: 8px;">
        

            <div class="text-right" style="float: right; margin-left: 4px;">
            <span data-toggle="tooltip" title="" data-original-title="Zaakceptuj">
              <a class="hover-animate  " action="accept">
                <!--?xml version="1.0" encoding="UTF-8"?-->
    <svg xmlns="http://www.w3.org/2000/svg" id="Isolation_Mode" data-name="Isolation Mode" viewBox="0 0 24 24" width="512" height="512" style="width: 18px; height: 26px;">
    <path fill="#1ab394" d="M7.8,21.425A2.542,2.542,0,0,1,6,20.679L.439,15.121,2.561,13,7.8,18.239,21.439,4.6l2.122,2.121L9.6,20.679A2.542,2.542,0,0,1,7.8,21.425Z"></path></svg> 
              </a>
            </span>
            </div>&nbsp;

          <!-- popraw przy atrybutach nie-produktu -->
            <div class="text-right" style="float: right; margin-left: 4px;">
              <span data-toggle="tooltip" title="" data-original-title="Popraw">
                <a class="" type="button" data-toggle="modal" data-target="#edit_product_modal">
                  <!--?xml version="1.0" encoding="UTF-8"?-->
      <svg xmlns="http://www.w3.org/2000/svg" viewBox="0 0 24 24" width="512" height="512" style="width: 18px; height: 26px;">
      <g id="_01_align_center" data-name="01 align center">
      <path fill="#f8ac59" d="M22.94,1.06a3.626,3.626,0,0,0-5.124,0L0,18.876V24H5.124L22.94,6.184A3.627,3.627,0,0,0,22.94,1.06ZM4.3,22H2V19.7L15.31,6.4l2.3,2.3ZM21.526,4.77,19.019,7.277l-2.295-2.3L19.23,2.474a1.624,1.624,0,0,1,2.3,2.3Z"></path></g></svg>
      
                </a>
              </span>
            </div>


      </div>


            <span class="swap-icon" product_id="1215118" attr="logotypes" style="display: inline-block;">
              <i class="fa fa-minus-circle fa-fw swap1" aria-hidden="true" style="color: red; display:none"></i>
              <i class="fa fa-plus-circle fa-fw swap2" aria-hidden="true" style="color: orange; display:block"></i>
              <i class="fa fa-spinner fa-spin fa-fw" style="display: none"></i>
            </span>

          <div class="row" style="overflow-y: auto; max-height: 250px;">
              <div class="col-sm-4" style="padding: 2px;">
                <div class="product-imitation" style="padding: 45px 0px; background-image: url('/uploads/image/image/thumb_milka_logo-041648820143.png');">
                </div>
                  <div style="margin-bottom: 7px; white-space: nowrap; overflow: hidden; text-overflow: ellipsis;">
                    milka_logo

                        <a data-confirm="Czy na pewno chcesz usunąć logotyp/piktogram?" class="logo_pic_rm_ph" rel="nofollow" data-method="post" href="https://beta.app4ad.pl/page_modules/796310/remove_image_from?custom_redirect=%2Fpages%2F106494%2Fcorrection%23module-796310&amp;image_id=1838">
                          <!--?xml version="1.0" encoding="UTF-8"?-->
      <svg xmlns="http://www.w3.org/2000/svg" viewBox="0 0 24 24" width="512" height="512" style="width: 18px; height: 26px;">
      <g id="_01_align_center" fill="#ED5565" data-name="01 align center"><path d="M22,4H17V2a2,2,0,0,0-2-2H9A2,2,0,0,0,7,2V4H2V6H4V21a3,3,0,0,0,3,3H17a3,3,0,0,0,3-3V6h2ZM9,2h6V4H9Zm9,19a1,1,0,0,1-1,1H7a1,1,0,0,1-1-1V6H18Z"></path>
      <rect fill="#ED5565" x="9" y="10" width="2" height="8"></rect>
      <rect fill="#ED5565" x="13" y="10" width="2" height="8"></rect></g></svg>
      
</a>                  </div>
              </div>

          </div>
          

    </div>
  </div>
</div>

          <div class="col-lg-3" style="padding-right: 0px; padding-left: 5px;">
  <div class="ibox" field="pict" style="margin-bottom: 5px">
    <div class="ibox-title ibox-title-correction">
      <h5 class="m-b-md">PIKTOGRAMY</h5>
    </div>
    <div class="ibox-content ibox-content-fixed-width ibox-danger accept-no-change" product_id="1215118">
              <div class="buttons" field="pict" style="position: absolute; right: 25px; top: 8px;">
        

            <div class="text-right" style="float: right; margin-left: 4px;">
              <span data-toggle="tooltip" title="" data-original-title="Popraw">
                <a class="" type="button" data-toggle="modal" data-target="#edit_product_modal">
                  <!--?xml version="1.0" encoding="UTF-8"?-->
      <svg xmlns="http://www.w3.org/2000/svg" viewBox="0 0 24 24" width="512" height="512" style="width: 18px; height: 26px;">
      <g id="_01_align_center" data-name="01 align center">
      <path fill="#f8ac59" d="M22.94,1.06a3.626,3.626,0,0,0-5.124,0L0,18.876V24H5.124L22.94,6.184A3.627,3.627,0,0,0,22.94,1.06ZM4.3,22H2V19.7L15.31,6.4l2.3,2.3ZM21.526,4.77,19.019,7.277l-2.295-2.3L19.23,2.474a1.624,1.624,0,0,1,2.3,2.3Z"></path></g></svg>
      
                </a>
              </span>
            </div>

      </div>


          <span class="swap-icon" product_id="1215118" attr="pictograms" style="display: inline-block;">
            <i class="fa fa-minus-circle fa-fw swap1" aria-hidden="true" style="color: red; display:none"></i>
            <i class="fa fa-plus-circle fa-fw swap2" aria-hidden="true" style="color: orange; display:block"></i>
            <i class="fa fa-spinner fa-spin fa-fw" style="display: none"></i>
          </span>

        <div class="row" style="overflow-y: auto; max-height: 350px;">
            
            <div class="mouseover-popup-click-pict animated fadeInRight" pict-id="2096" style="padding: 0px; display: none;">
              <div class="ibox" style="margin-bottom: 0px;">
                <div class="ibox-title">
                  <h5 style="max-width: 200px; white-space: nowrap; overflow: hidden; text-overflow: ellipsis;">mechanizm_drugi_n_procent_taniej</h5>

                  <div class="ibox-tools" style="float: right;">
                    <span class="close-popup">
                      <i class="fa fa-times"></i>
                    </span>
                  </div>

                  <div class="ibox-content" style="padding: 0px;">
                    <div class="product-imitation" style="background-image: url('/uploads/image/image/thumb_mechanizm_drugi_n_procent_taniej-240819fa26.png'); background-size: contain; min-height: 300px; min-width: 300px;">

                    </div>
                      
                  </div>
                </div>
              </div>
            </div>

            <div class="mouseover-popup-click-pict-hover animated fadeInRight" pict-id="2096" style="padding: 0px; display: none;">
              <div class="ibox" style="margin-bottom: 0px;">
                <div class="ibox-title">
                  <h5 style="max-width: 200px; white-space: nowrap; overflow: hidden; text-overflow: ellipsis;">mechanizm_drugi_n_procent_taniej</h5>


                  <div class="ibox-content" style="padding: 0px;">
                    <div class="product-imitation" style="background-image: url('/uploads/image/image/thumb_mechanizm_drugi_n_procent_taniej-240819fa26.png'); background-size: contain; min-height: 300px; min-width: 300px;">

                    </div>
                      
                  </div>
                </div>
              </div>
            </div>

            <div class="col-sm-4" style="padding: 2px;">
              <a class="a-popover-pict" href="#!" pict-id="2096">

                <div class="product-imitation" style="padding: 45px 0px; background-image: url('/uploads/image/image/thumb_mechanizm_drugi_n_procent_taniej-240819fa26.png');">

                </div>
                </a><div style="margin-bottom: 7px;white-space: nowrap; overflow: hidden; text-overflow: ellipsis;"><a class="a-popover-pict" href="#!" pict-id="2096">
                  mechanizm_drugi_n_procent_taniej<br>

                      [ --- ]



                        </a><a data-confirm="Czy na pewno chcesz usunąć logotyp/piktogram?" class="logo_pic_rm_ph" rel="nofollow" data-method="post" href="https://beta.app4ad.pl/page_modules/796310/remove_image_from?custom_redirect=%2Fpages%2F106494%2Fcorrection%23module-796310&amp;image_id=2096">
                            <!--?xml version="1.0" encoding="UTF-8"?-->
      <svg xmlns="http://www.w3.org/2000/svg" viewBox="0 0 24 24" width="512" height="512" style="width: 18px; height: 26px;">
      <g id="_01_align_center" fill="#ED5565" data-name="01 align center"><path d="M22,4H17V2a2,2,0,0,0-2-2H9A2,2,0,0,0,7,2V4H2V6H4V21a3,3,0,0,0,3,3H17a3,3,0,0,0,3-3V6h2ZM9,2h6V4H9Zm9,19a1,1,0,0,1-1,1H7a1,1,0,0,1-1-1V6H18Z"></path>
      <rect fill="#ED5565" x="9" y="10" width="2" height="8"></rect>
      <rect fill="#ED5565" x="13" y="10" width="2" height="8"></rect></g></svg>
      
</a>                </div>

              

            </div>

            
            <div class="mouseover-popup-click-pict animated fadeInRight" pict-id="2097" style="padding: 0px; display: none;">
              <div class="ibox" style="margin-bottom: 0px;">
                <div class="ibox-title">
                  <h5 style="max-width: 200px; white-space: nowrap; overflow: hidden; text-overflow: ellipsis;">mechanizm_drugi_n_taniej</h5>

                  <div class="ibox-tools" style="float: right;">
                    <span class="close-popup">
                      <i class="fa fa-times"></i>
                    </span>
                  </div>

                  <div class="ibox-content" style="padding: 0px;">
                    <div class="product-imitation" style="background-image: url('/uploads/image/image/thumb_mechanizm_drugi_n_taniej-240819a8f3.png'); background-size: contain; min-height: 300px; min-width: 300px;">

                    </div>
                      dużo więcej miejsca
                  </div>
                </div>
              </div>
            </div>

            <div class="mouseover-popup-click-pict-hover animated fadeInRight" pict-id="2097" style="padding: 0px; display: none;">
              <div class="ibox" style="margin-bottom: 0px;">
                <div class="ibox-title">
                  <h5 style="max-width: 200px; white-space: nowrap; overflow: hidden; text-overflow: ellipsis;">mechanizm_drugi_n_taniej</h5>


                  <div class="ibox-content" style="padding: 0px;">
                    <div class="product-imitation" style="background-image: url('/uploads/image/image/thumb_mechanizm_drugi_n_taniej-240819a8f3.png'); background-size: contain; min-height: 300px; min-width: 300px;">

                    </div>
                      dużo więcej miejsca
                  </div>
                </div>
              </div>
            </div>

            <div class="col-sm-4" style="padding: 2px;">
              <a class="a-popover-pict" href="#!" pict-id="2097">

                <div class="product-imitation" style="padding: 45px 0px; background-image: url('/uploads/image/image/thumb_mechanizm_drugi_n_taniej-240819a8f3.png');">

                </div>
                </a><div style="margin-bottom: 7px;white-space: nowrap; overflow: hidden; text-overflow: ellipsis;"><a class="a-popover-pict" href="#!" pict-id="2097">
                  mechanizm_drugi_n_taniej<br>

                      [ dużo więcej miejsca ]



                        </a><a data-confirm="Czy na pewno chcesz usunąć logotyp/piktogram?" class="logo_pic_rm_ph" rel="nofollow" data-method="post" href="https://beta.app4ad.pl/page_modules/796310/remove_image_from?custom_redirect=%2Fpages%2F106494%2Fcorrection%23module-796310&amp;image_id=2097">
                            <!--?xml version="1.0" encoding="UTF-8"?-->
      <svg xmlns="http://www.w3.org/2000/svg" viewBox="0 0 24 24" width="512" height="512" style="width: 18px; height: 26px;">
      <g id="_01_align_center" fill="#ED5565" data-name="01 align center"><path d="M22,4H17V2a2,2,0,0,0-2-2H9A2,2,0,0,0,7,2V4H2V6H4V21a3,3,0,0,0,3,3H17a3,3,0,0,0,3-3V6h2ZM9,2h6V4H9Zm9,19a1,1,0,0,1-1,1H7a1,1,0,0,1-1-1V6H18Z"></path>
      <rect fill="#ED5565" x="9" y="10" width="2" height="8"></rect>
      <rect fill="#ED5565" x="13" y="10" width="2" height="8"></rect></g></svg>
      
</a>                </div>

              

            </div>

        </div>
        

    </div>
  </div>
</div>

          <div class="col-lg-3" style="padding-right: 0px; padding-left: 5px;">
            <div class="row">
              <div class="col-lg-12">
               
                

<!-- 

TO DO po kliknięciu kopiowanie, (w teks, oraz w ikone)
po najechaniu pokazanie zmian - jeżeli są

wywalamy ustawienie skondensowanych.
jezeli jest w huj tekstu przechodzi do nowej linii i pokazuje sie suwag

 -->
<div class="ibox" field="description" style="margin-bottom: 5px">
  <div class="ibox-title ibox-title-correction">
    <h5 class="m-b-md">DANE PRODUKTU</h5>
  </div>
  <div class="ibox-content ibox-content-fixed-width ibox-success" style="height: 145px; overflow-y: auto;" product_id="1215118">
            <div class="buttons" field="description" style="position: absolute; right: 25px; top: 8px;">
        


          <!-- popraw przy atrybutach nie-produktu -->
            <div class="text-right" style="float: right; margin-left: 4px;">
              <span data-toggle="tooltip" title="" data-original-title="Popraw">
                <a class="" type="button" data-toggle="modal" data-target="#edit_product_modal">
                  <!--?xml version="1.0" encoding="UTF-8"?-->
      <svg xmlns="http://www.w3.org/2000/svg" viewBox="0 0 24 24" width="512" height="512" style="width: 18px; height: 26px;">
      <g id="_01_align_center" data-name="01 align center">
      <path fill="#f8ac59" d="M22.94,1.06a3.626,3.626,0,0,0-5.124,0L0,18.876V24H5.124L22.94,6.184A3.627,3.627,0,0,0,22.94,1.06ZM4.3,22H2V19.7L15.31,6.4l2.3,2.3ZM21.526,4.77,19.019,7.277l-2.295-2.3L19.23,2.474a1.624,1.624,0,0,1,2.3,2.3Z"></path></g></svg>
      
                </a>
              </span>
            </div>


      </div>

    <p style="overflow: hidden;">
          
        <i class="fa fa-check-circle fa-fw" aria-hidden="true" style="color: green"></i>
      <a href="#!" class="btn btn-default btn-xs copy-btn" copy-value="Arbuz">
        <i class="fa fa-info fa-fw" aria-hidden="true" data-toggle="tooltip" title="" data-original-title="Nazwa"></i>
      </a>
      <a class="a-popover copy-btn false" href="#!" data-toggle="popover-diff" data-trigger="hover" data-placement="left" data-content="" copy-value="Arbuz">
        Arbuz
      </a>
      <br>

        <i class="fa fa-check-circle fa-fw" aria-hidden="true" style="color: green"></i>  

      <a href="#!" class="btn btn-default btn-xs copy-btn" copy-value="---"><i class="fa fa-align-left fa-fw" aria-hidden="true" data-toggle="tooltip" title="" data-original-title="Opis"></i></a>
      <a class="a-popover copy-btn false" href="#!" data-toggle="popover-diff" data-trigger="hover" data-placement="left" data-content="" copy-value="---">
        ---
      </a>
      <br>

          <i class="fa fa-check-circle fa-fw" aria-hidden="true" style="color: green"></i>
        <a href="#!" class="btn btn-default btn-xs copy-btn" copy-value=""><i class="fa fa-paperclip fa-fw" aria-hidden="true" data-toggle="tooltip" title="" data-original-title="Dodatkowe opcje opisu"></i></a>
        <a class="a-popover copy-btn false" href="#!" data-toggle="popover-diff" data-trigger="hover" data-placement="left" data-content="" copy-value="">
          
        </a>
        <br>



    </p>

  </div>
</div>


              </div>
                <div class="col-lg-12">
                  
                  <div class="ibox" field="weight" style="margin-bottom: 5px">
  <div class="ibox-title ibox-title-correction">
    <h5 class="m-b-md">GRAMATURA</h5>
  </div>
  <div class="ibox-content ibox-content-fixed-width ibox-danger accept-no-change" style="height: 111px; overflow-y: hidden;">
            <div class="buttons" field="weight" style="position: absolute; right: 25px; top: 8px;">
        

            <div class="text-right" style="float: right; margin-left: 4px;">
              <span data-toggle="tooltip" title="" data-original-title="Popraw">
                <a class="" type="button" data-toggle="modal" data-target="#edit_product_modal">
                  <!--?xml version="1.0" encoding="UTF-8"?-->
      <svg xmlns="http://www.w3.org/2000/svg" viewBox="0 0 24 24" width="512" height="512" style="width: 18px; height: 26px;">
      <g id="_01_align_center" data-name="01 align center">
      <path fill="#f8ac59" d="M22.94,1.06a3.626,3.626,0,0,0-5.124,0L0,18.876V24H5.124L22.94,6.184A3.627,3.627,0,0,0,22.94,1.06ZM4.3,22H2V19.7L15.31,6.4l2.3,2.3ZM21.526,4.77,19.019,7.277l-2.295-2.3L19.23,2.474a1.624,1.624,0,0,1,2.3,2.3Z"></path></g></svg>
      
                </a>
              </span>
            </div>

      </div>


      <span class="swap-icon" product_id="1215118" attr="weight" style="display: inline-block;"><i class="fa fa-minus-circle fa-fw swap1" aria-hidden="true" style="color: red; display:none"></i><i class="fa fa-plus-circle fa-fw swap2" aria-hidden="true" style="color: orange; display:block"></i><i class="fa fa-spinner fa-spin fa-fw" style="display: none"></i></span>

    <a href="#!" class="btn btn-default btn-xs" copy-value="">
      <i class="fa fa-balance-scale fa-fw" aria-hidden="true" data-toggle="tooltip" title="" data-original-title="Gramatura"></i>
    </a>


    <a class="a-popover false" href="#!" data-toggle="popover-diff" data-trigger="hover" data-placement="top" data-content="
">


    
      5 x 5 Od 4 
         do 10
        
        
        
        
        
      g

      </a>
    <br>
  </div>
</div>

                </div>
            </div>
          </div>

          <div class="col-lg-9" style="padding-right: 0px; padding-left: 5px;">
  <div class="ibox" field="price" style="margin-bottom: 5px">
    <div class="ibox-title ibox-title-correction">
      <h5 class="m-b-md">CENY</h5>
    </div>

    <div class="ibox-content ibox-content-fixed-width ibox-danger" style="padding: 5px 0px;height: 310px;" product_id="1215118">
              <div class="buttons" field="price" style="position: absolute; right: 25px; top: 8px;">
        

            <div class="text-right" style="float: right; margin-left: 4px;">
            <span data-toggle="tooltip" title="" data-original-title="Zaakceptuj">
              <a class="hover-animate  " action="accept">
                <!--?xml version="1.0" encoding="UTF-8"?-->
    <svg xmlns="http://www.w3.org/2000/svg" id="Isolation_Mode" data-name="Isolation Mode" viewBox="0 0 24 24" width="512" height="512" style="width: 18px; height: 26px;">
    <path fill="#1ab394" d="M7.8,21.425A2.542,2.542,0,0,1,6,20.679L.439,15.121,2.561,13,7.8,18.239,21.439,4.6l2.122,2.121L9.6,20.679A2.542,2.542,0,0,1,7.8,21.425Z"></path></svg> 
              </a>
            </span>
            </div>&nbsp;

          <!-- popraw przy atrybutach nie-produktu -->
            <div class="text-right" style="float: right; margin-left: 4px;">
              <span data-toggle="tooltip" title="" data-original-title="Popraw">
                <a class="" type="button" data-toggle="modal" data-target="#edit_product_modal">
                  <!--?xml version="1.0" encoding="UTF-8"?-->
      <svg xmlns="http://www.w3.org/2000/svg" viewBox="0 0 24 24" width="512" height="512" style="width: 18px; height: 26px;">
      <g id="_01_align_center" data-name="01 align center">
      <path fill="#f8ac59" d="M22.94,1.06a3.626,3.626,0,0,0-5.124,0L0,18.876V24H5.124L22.94,6.184A3.627,3.627,0,0,0,22.94,1.06ZM4.3,22H2V19.7L15.31,6.4l2.3,2.3ZM21.526,4.77,19.019,7.277l-2.295-2.3L19.23,2.474a1.624,1.624,0,0,1,2.3,2.3Z"></path></g></svg>
      
                </a>
              </span>
            </div>


      </div>

      <table class="table-striped table-borderless table-condensed" style="width: 100%;">

        <tbody><tr>
          <td style="width:15%">

          </td><td style="width:15%">
            <div class="false" style="display: inherit; white-space: nowrap; vertical-align: middle;">
              CENA 1 
              <a class="a-popover false" href="#!" data-toggle="popover-diff" data-trigger="hover" data-placement="top" data-content="">
                <span style="font-size: 18px; font-weight: normal;">11,11 zł</span>
              </a>
            </div>

              <div style="display: inherit; padding-left: 15px;    white-space: nowrap;">
                  Taniej do
                  <br>
                  <a class="a-popover false" href="#!" data-toggle="popover-diff" data-trigger="hover" data-placement="top" data-content="">
                    <span class="false" style="font-size: 18px; ">21%</span>
                  </a>
              </div>

              <div style="display: inherit; padding-left: 15px;    white-space: nowrap;">
                Oszczędzasz
                <br>
                <a class="a-popover false" href="#!" data-toggle="popover-diff" data-trigger="hover" data-placement="top" data-content="">
                  <span style="font-size: 18px; ">1,01 zł</span>
                </a>
              </div>

          </td><td style="width:15%">
            <div style="display: inherit;">
              CENA 2 
              <a class="a-popover false" href="#!" data-toggle="popover-diff" data-trigger="hover" data-placement="top" data-content="">
                <span class="false" style="font-size: 18px; font-weight: normal;">12,12 zł</span>
              </a>
            </div>
            
            </td><td style="width:15%">
              <div style="display: inherit;">
                CENA 3 
                <a class="a-popover false" href="#!" data-toggle="popover-diff" data-trigger="hover" data-placement="top" data-content="">
                  <span class="false" style="font-size: 18px; font-weight: normal;">13,13 zł</span>
                </a>
              </div>

            </td><td style="width:15%">
              <div style="display: inherit;">
                CENA 4 
                <a class="a-popover false" href="#!" data-toggle="popover-diff" data-trigger="hover" data-placement="top" data-content="">
                  <span class="false" style="font-size: 18px; font-weight: normal;">14,14 zł</span>
                </a>
              </div>


          </td></tr><tr>
            <td>5 x  <b>5 g</b>
              </td><td>
                <div style="display: inherit;">
                  <a class="a-popover false" href="#!" data-toggle="popover-diff" data-trigger="hover" data-placement="top" data-content="">
                    <span style="font-size: 18px;  font-weight: normal;">
                      44,44 
                      <sup>zł</sup>/<sub>100g</sub>
                    </span>
                  </a>
                    <br>
                    <a class="a-popover false" href="#!" data-toggle="popover-diff" data-trigger="hover" data-placement="top" data-content="">
                      <span style="font-size: 18px;  font-weight: normal;">
                        444,40 
                        <sup>zł</sup>/<sub>kg</sub>
                      </span>
                    </a>
                </div>
              </td>
              <td>
                <div style="display: inherit;">
                  <a class="a-popover false" href="#!" data-toggle="popover-diff" data-trigger="hover" data-placement="top" data-content="">
                    <span style="font-size: 18px;  font-weight: normal;">
                      48,48 
                      <sup>zł</sup>/<sub>100g</sub>
                    </span>
                  </a>
                    <br>
                    <a class="a-popover false" href="#!" data-toggle="popover-diff" data-trigger="hover" data-placement="top" data-content="">
                      <span style="font-size: 18px;  font-weight: normal;">
                        484,80 
                        <sup>zł</sup>/<sub>kg</sub>
                      </span>
                    </a>
                </div>
              </td>
              <td>
                <div style="display: inherit;">
                  <a class="a-popover false" href="#!" data-toggle="popover-diff" data-trigger="hover" data-placement="top" data-content="">
                    <span style="font-size: 18px;  font-weight: normal;">
                      52,52 
                      <sup>zł</sup>/<sub>100g</sub>
                    </span>
                  </a>
                    <br>
                    <a class="a-popover false" href="#!" data-toggle="popover-diff" data-trigger="hover" data-placement="top" data-content="">
                      <span style="font-size: 18px;  font-weight: normal;">
                        525,20 
                        <sup>zł</sup>/<sub>kg</sub>
                      </span>
                    </a>
                </div>
              </td>
              <td>
                <div style="display: inherit;">
                  <a class="a-popover false" href="#!" data-toggle="popover-diff" data-trigger="hover" data-placement="top" data-content="">
                    <span style="font-size: 18px;  font-weight: normal;">
                      56,56 
                      <sup>zł</sup>/<sub>100g</sub>
                    </span>
                  </a>
                    <br>
                    <a class="a-popover false" href="#!" data-toggle="popover-diff" data-trigger="hover" data-placement="top" data-content="">
                      <span style="font-size: 18px;  font-weight: normal;">
                        565,60 
                        <sup>zł</sup>/<sub>kg</sub>
                      </span>
                    </a>
                </div>
              </td>
          </tr>

          <tr>
            <td>5 x  <b>4 g</b>
              </td><td>
                <div class="false" style="display: inherit;">
                  <a class="a-popover false" href="#!" data-toggle="popover-diff" data-trigger="hover" data-placement="top" data-content="">
                    <span style="font-size: 18px;  font-weight: normal;">
                      55,55 
                      <sup>zł</sup>/<sub>100g</sub>
                    </span>
                  </a>
                    <br>
                    <a class="a-popover false" href="#!" data-toggle="popover-diff" data-trigger="hover" data-placement="top" data-content="">
                      <span style="font-size: 18px;  font-weight: normal;">
                        555,50 
                        <sup>zł</sup>/<sub>kg</sub>
                      </span>
                    </a>
                </div>
              </td>
              <td>
                <div class="false" style="display: inherit;">
                  <a class="a-popover false" href="#!" data-toggle="popover-diff" data-trigger="hover" data-placement="top" data-content="">
                    <span style="font-size: 18px;  font-weight: normal;">
                      60,60 
                      <sup>zł</sup>/<sub>100g</sub>
                    </span>
                  </a>
                    <br>
                    <a class="a-popover false" href="#!" data-toggle="popover-diff" data-trigger="hover" data-placement="top" data-content="">
                      <span style="font-size: 18px;  font-weight: normal;">
                        606,00 
                        <sup>zł</sup>/<sub>kg</sub>
                      </span>
                    </a>
                </div>
              </td>
              <td>
                <div class="false" style="display: inherit;">
                  <a class="a-popover false" href="#!" data-toggle="popover-diff" data-trigger="hover" data-placement="top" data-content="">
                    <span style="font-size: 18px;  font-weight: normal;">
                      65,65 
                      <sup>zł</sup>/<sub>100g</sub>
                    </span>
                  </a>
                    <br>
                    <a class="a-popover false" href="#!" data-toggle="popover-diff" data-trigger="hover" data-placement="top" data-content="">
                      <span style="font-size: 18px;  font-weight: normal;">
                        656,50 
                        <sup>zł</sup>/<sub>kg</sub>
                      </span>
                    </a>
                </div>
              </td>
              <td>
                <div class="false" style="display: inherit;">
                  <a class="a-popover false" href="#!" data-toggle="popover-diff" data-trigger="hover" data-placement="top" data-content="">
                    <span style="font-size: 18px;  font-weight: normal;">
                      70,70 
                      <sup>zł</sup>/<sub>100g</sub>
                    </span>
                  </a>
                    <br>
                    <a class="a-popover false" href="#!" data-toggle="popover-diff" data-trigger="hover" data-placement="top" data-content="">
                      <span style="font-size: 18px;  font-weight: normal;">
                        707,00 
                        <sup>zł</sup>/<sub>kg</sub>
                      </span>
                    </a>
                </div>
              </td>
          </tr>

          <tr>
            <td>5 x  <b>10 g</b>
              </td><td>
                <div class="false" style="display: inherit;">
                  <a class="a-popover false" href="#!" data-toggle="popover-diff" data-trigger="hover" data-placement="top" data-content="">
                    <span style="font-size: 18px;  font-weight: normal;">
                      22,22 
                      <sup>zł</sup>/<sub>100g</sub>
                    </span>
                  </a>
                    <br>
                    <a class="a-popover false" href="#!" data-toggle="popover-diff" data-trigger="hover" data-placement="top" data-content="">
                      <span style="font-size: 18px;  font-weight: normal;">
                        222,20 
                        <sup>zł</sup>/<sub>kg</sub>
                      </span>
                    </a>
                </div>
              </td>
              <td>
                <div class="false" style="display: inherit;">
                  <a class="a-popover false" href="#!" data-toggle="popover-diff" data-trigger="hover" data-placement="top" data-content="">
                    <span style="font-size: 18px;  font-weight: normal;">
                      24,24 
                      <sup>zł</sup>/<sub>100g</sub>
                    </span>
                  </a>
                    <br>
                    <a class="a-popover false" href="#!" data-toggle="popover-diff" data-trigger="hover" data-placement="top" data-content="">
                      <span style="font-size: 18px;  font-weight: normal;">
                        242,40 
                        <sup>zł</sup>/<sub>kg</sub>
                      </span>
                    </a>
                </div>
              </td>
              <td>
                <div class="false" style="display: inherit;">
                  <a class="a-popover false" href="#!" data-toggle="popover-diff" data-trigger="hover" data-placement="top" data-content="">
                    <span style="font-size: 18px;  font-weight: normal;">
                      26,26 
                      <sup>zł</sup>/<sub>100g</sub>
                    </span>
                  </a>
                    <br>
                    <a class="a-popover false" href="#!" data-toggle="popover-diff" data-trigger="hover" data-placement="top" data-content="">
                      <span style="font-size: 18px;  font-weight: normal;">
                        262,60 
                        <sup>zł</sup>/<sub>kg</sub>
                      </span>
                    </a>
                </div>
              </td>
              <td>
                <div class="false" style="display: inherit;">
                  <a class="a-popover false" href="#!" data-toggle="popover-diff" data-trigger="hover" data-placement="top" data-content="">
                    <span style="font-size: 18px;  font-weight: normal;">
                      28,28 
                      <sup>zł</sup>/<sub>100g</sub>
                    </span>
                  </a>
                    <br>
                    <a class="a-popover false" href="#!" data-toggle="popover-diff" data-trigger="hover" data-placement="top" data-content="">
                      <span style="font-size: 18px;  font-weight: normal;">
                        282,80 
                        <sup>zł</sup>/<sub>kg</sub>
                      </span>
                    </a>
                </div>
              </td>

          </tr><tr>
            <td><b>Cena za sztukę</b>
              </td><td>
                <div class="false" style="display: inherit;">
                  
                      <a class="a-popover false" href="#!" data-toggle="popover-diff" data-trigger="hover" data-placement="top" data-content="">
                        <span style="font-size: 18px;  font-weight: normal;">
                          2,22
                          <sup>zł</sup>/<sub>szt</sub>
                        </span>
                      </a>
                </div>
              </td>
              <td>
                <div class="false" style="display: inherit;">
                  
                      <a class="a-popover false" href="#!" data-toggle="popover-diff" data-trigger="hover" data-placement="top" data-content="">
                        <span style="font-size: 18px;  font-weight: normal;">
                          2,42
                          <sup>zł</sup>/<sub>szt</sub>
                        </span>
                      </a>
                </div>
              </td>
              <td>
                <div class="false" style="display: inherit;">
                  
                      <a class="a-popover false" href="#!" data-toggle="popover-diff" data-trigger="hover" data-placement="top" data-content="">
                        <span style="font-size: 18px;  font-weight: normal;">
                          2,63
                          <sup>zł</sup>/<sub>szt</sub>
                        </span>
                      </a>
                </div>
              </td>
              <td>
                <div class="false" style="display: inherit;">
                  
                      <a class="a-popover false" href="#!" data-toggle="popover-diff" data-trigger="hover" data-placement="top" data-content="">
                        <span style="font-size: 18px;  font-weight: normal;">
                          2,83
                          <sup>zł</sup>/<sub>szt</sub>
                        </span>
                      </a>
                </div>
              </td>
             

        </tr><tr>
          <td>
            <p>prices_description</p>
          </td>

          <td>
             <a class="a-popover false" href="#!" data-toggle="popover-diff" data-trigger="hover" data-placement="top" data-content="&lt;span&gt;&lt;/span&gt;">
              uwagi do pierwszej ceny
            </a>

          </td><td>

            </td><td>

            </td><td>

        </td></tr>

      </tbody></table>

      <p>
          <span class="swap-icon" product_id="1215118" attr="assortment_type" style="display: inline-block;"><i class="fa fa-minus-circle fa-fw swap1" aria-hidden="true" style="color: red; display:none"></i><i class="fa fa-plus-circle fa-fw swap2" aria-hidden="true" style="color: orange; display:block"></i><i class="fa fa-spinner fa-spin fa-fw" style="display: none"></i></span>
        RA / MT: 
        <a class="a-popover copy-btn false" href="#!" data-toggle="popover-diff" data-trigger="hover" data-placement="left" data-content="" copy-value="RA">
            RA

        </a>
        <br>
          <span class="swap-icon" product_id="1215118" attr="is_price_per_unit" style="display: inline-block;"><i class="fa fa-minus-circle fa-fw swap1" aria-hidden="true" style="color: red; display:none"></i><i class="fa fa-plus-circle fa-fw swap2" aria-hidden="true" style="color: orange; display:block"></i><i class="fa fa-spinner fa-spin fa-fw" style="display: none"></i></span>
        Jednostkowa: 
        <a class="a-popover copy-btn false" href="#!" data-toggle="popover-diff" data-trigger="hover" data-placement="left" data-content="" copy-value="true">
            Tak

        </a>
        <br>
          <span class="swap-icon" product_id="1215118" attr="is_price_with_extra" style="display: inline-block;"><i class="fa fa-minus-circle fa-fw swap1" aria-hidden="true" style="color: red; display:none"></i><i class="fa fa-plus-circle fa-fw swap2" aria-hidden="true" style="color: orange; display:block"></i><i class="fa fa-spinner fa-spin fa-fw" style="display: none"></i></span>
        Omnibus: 
        <a class="a-popover copy-btn false" href="#!" data-toggle="popover-diff" data-trigger="hover" data-placement="left" data-content="" copy-value="true">
            Tak

        </a>
        <br>
      </p>



    </div>
  </div>
</div>


        </div>
          <div class="row">
  <div class="col-md-12">
    <div class="row">
    <hr>
        <div class="col-md-12">
            <a class="btn btn-danger" href="#!" data-toggle="modal" data-target="#mod-report-errror-796310" style="margin-bottom: 10px; float: right !important;">
              <i class="fa fa-exclamation"></i> Zgłoś błąd
            </a>

            <a style="margin-right: 5px; margin-bottom: 10px; float: right !important;" data-toggle="tooltip" data-html="true" data-original-title="Zaktualizuj do bazy dane produktu oznaczone &lt;i class=&quot;fa fa-plus-circle&quot; style=&quot;color: orange;&quot;&gt;&lt;/i&gt;" class="btn btn-primary" rel="nofollow" data-method="post" href="https://beta.app4ad.pl/page_modules/796310/update_green_pipes?custom_redirect=%2Fpages%2F106494%2Fcorrection%23module-796310">
              <i class="fa fa-check"></i> Zaktualizuj dane
</a>
                <center>
                  <a class="btn btn-primary" action="accept_all" module_id="796310" style="margin-right: -100px;">
                    <i class="fa fa-check"></i> Zaakceptuj wszystkie (oprócz poprawianych)
                  </a>
                </center>
        </div>

    </div>
  </div>
</div>
  <div class="row">
    <div class="col-md-12">
      <div id="links" class="col-md-12 gallery">
        <a>
          
          <div class="product-imitation" id="blueimp_img" style="height: 250px; background-image: url('');">
            
              <i class="fa fa-ban fa-5x" aria-hidden="true"></i>
          </div>
        </a>
      </div>
    </div>
  </div>

<!-- Modal -->
<div class="modal fade" id="mod-report-errror-796310" tabindex="-1" role="dialog" aria-labelledby="myModalLabel">
  <div class="modal-dialog" role="document">
    <div class="modal-content">
      <div class="modal-header">
        <button type="button" class="close" data-dismiss="modal" aria-label="Close"><span aria-hidden="true">×</span></button>
        <h4 class="modal-title" id="myModalLabel">Zgłoś błąd</h4>
      </div>
      <div class="modal-body">

        <form role="form" class="new_comment" id="new_comment" enctype="multipart/form-data" action="/leaflets/1305/report_error" accept-charset="UTF-8" method="post"><input name="utf8" type="hidden" value="✓"><input type="hidden" name="authenticity_token" value="7d35t+ePhz56H/agyEWugHTemp9ziKoJAmMtolfPwDQqgkmadgXOjIfZz62uEpUfHyRUhT4cyAOdzl2hZwNgYA==">

          <div class="form-group row"><label class="sr-only col-form-label col-sm-2" for="comment_content">Content</label><div class="col-sm-12"><textarea placeholder="Opisz błąd..." class="form-control" name="comment[content]" id="comment_content"></textarea></div></div>
          <input value="796310" type="hidden" name="comment[target_id]" id="comment_target_id">
          <input value="2" type="hidden" name="comment[target_type]" id="comment_target_type">

          <input type="hidden" name="custom_redirect" id="input" class="form-control" value="/pages/106494/correction">
          
          <div class="form-group row"><label class="col-form-label col-sm-2" for="comment_attachment">Wybierz plik</label><div class="col-sm-12"><div class="custom-file"><input class="custom-file-input" type="file" name="comment[attachment]" id="comment_attachment"><label class="custom-file-label" for="comment_attachment">Wybierz plik</label></div></div></div>

          <div class="text-left">
            <input type="submit" name="commit" value="Prześlij zgłoszenie" class="btn btn-sm btn-primary m-t-n-xs" data-disable-with="Prześlij zgłoszenie">
          </div>

</form>
      </div>
      <div class="modal-footer">
        <button type="button" class="btn btn-default" data-dismiss="modal">Zamknij</button>
      </div>
    </div>
  </div>
</div>

        <h2>Komentarze modułu:</h2>
            <div class="chat-form">
                <form role="form" class="new_comment" id="new_comment" action="/comments" accept-charset="UTF-8" method="post"><input name="utf8" type="hidden" value="✓"><input type="hidden" name="authenticity_token" value="3r7O7+1qbh57fI9+XKnfHQFkYuQyQgJGBRWDMZfPMRYZ4X7CfOAnrIa6tnM6/uSCap6s/n/WYEyauPMypwORQg==">
	<div class="form-group row"><label class="sr-only col-form-label col-sm-2" for="comment_content">Content</label><div class="col-sm-12"><textarea placeholder="Wprowadź komentarz" style="height: 100px; max-width: 100%; min-height: 100px;" class="form-control" name="comment[content]" id="comment_content"></textarea></div></div>
	<input value="796310" type="hidden" name="comment[target_id]" id="comment_target_id">
	<input value="2" type="hidden" name="comment[target_type]" id="comment_target_type">

		<input type="hidden" name="custom_redirect" id="input" class="form-control" value="/pages/106494/correction#">




	<div class="text-left">
			  <input type="submit" name="commit" value="Zapisz komentarz do agencji" class="btn btn-sm btn-success m-t-n-xs" data-disable-with="Zapisz komentarz do agencji">
			  	<input type="submit" name="commit" value="Zapisz komentarz do marketingu" class="btn btn-sm m-t-n-xs btn-pink" data-disable-with="Zapisz komentarz do marketingu">

	</div>

</form>
<script>
	 $(function() {
    $('input[type=file]').change(function(){
      var t = $(this).val();
      var labelText = 'File : ' + t.substr(12, t.length);
      console.log(labelText)
      $('.comment-file').text(labelText);
    })
  });

	$(document).ready(function() {
		// upload file stuff:
	  	// $(":file").filestyle('placeholder', 'Brak pliku');
	  	$('label[for="comment_attachment"]').text("Wybierz plik");
	  	$('label[for="comment_attachment"].control-label').hide();
	});
</script>
	
              <hr>
            </div>

        <div class="col-md-12">
          <div class="feed-activity-list">
                <h3 class="toggle_comments">
                  <a href="#!">
                    Korekta 9 (21 komentarzy)
                  </a>
                  <i class="arrow-toggle fa fa-angle-down" aria-hidden="true"></i>

                </h3>

                <div class="comments" style="display: block">
                    <style>
.user-comment {
  background-color: #e2e9ff;
}
</style>

<div class="chat-element " comment_id="7098358" id="c7098358">
  <span class="pull-left">
      <i class="fa fa-user fa-2x"></i>
  </span>
  <div class="media-body">
    <small class="pull-right">mniej niż minutę temu</small>
    <strong>
      Rafał Daroch
    </strong>
     dodał(a) komentarz<br>
    <small class="text-muted">2024-08-22 12:44</small>
    <small class="text-muted">Dodane automatycznie</small>
    <div class="well " style="white-space: pre-wrap;">Nastąpiła zmiana danych dla produktu Arbuz / EAN:22223002 / Index:: <ul><li>"Jednostkowa" z: <span style="background-color: #f7c6c6;">false</span> na: <span style="background-color: #cae9ca;">true</span></li></ul>
</div>
  </div>
</div>


                    <style>
.user-comment {
  background-color: #e2e9ff;
}
</style>

<div class="chat-element " comment_id="7098357" id="c7098357">
  <span class="pull-left">
      <i class="fa fa-user fa-2x"></i>
  </span>
  <div class="media-body">
    <small class="pull-right">mniej niż minutę temu</small>
    <strong>
      Rafał Daroch
    </strong>
     dodał(a) komentarz<br>
    <small class="text-muted">2024-08-22 12:44</small>
    <small class="text-muted">Dodane automatycznie</small>
    <div class="well " style="white-space: pre-wrap;">Nastąpiła zmiana danych dla produktu Arbuz / EAN:22223002 / Index:: <ul><li>"Jednostkowa" z: <span style="background-color: #f7c6c6;">true</span> na: <span style="background-color: #cae9ca;">false</span></li></ul>
</div>
  </div>
</div>


                    <style>
.user-comment {
  background-color: #e2e9ff;
}
</style>

<div class="chat-element " comment_id="7097854" id="c7097854">
  <span class="pull-left">
      <i class="fa fa-user fa-2x"></i>
  </span>
  <div class="media-body">
    <small class="pull-right">3 dni temu</small>
    <strong>
      Rafał Daroch
    </strong>
     dodał(a) komentarz<br>
    <small class="text-muted">2024-08-19 17:27</small>
    <small class="text-muted">Dodane automatycznie</small>
    <div class="well " style="white-space: pre-wrap;">Dodano logotypy/piktogramy: 
</div>
  </div>
</div>


                    <style>
.user-comment {
  background-color: #e2e9ff;
}
</style>

<div class="chat-element " comment_id="7097853" id="c7097853">
  <span class="pull-left">
      <i class="fa fa-user fa-2x"></i>
  </span>
  <div class="media-body">
    <small class="pull-right">3 dni temu</small>
    <strong>
      Rafał Daroch
    </strong>
     dodał(a) komentarz<br>
    <small class="text-muted">2024-08-19 17:27</small>
    <small class="text-muted">Dodane automatycznie</small>
    <div class="well " style="white-space: pre-wrap;">Dodano piktogram(y): mechanizm_drugi_n_procent_taniej
</div>
  </div>
</div>


                    <style>
.user-comment {
  background-color: #e2e9ff;
}
</style>

<div class="chat-element " comment_id="7097852" id="c7097852">
  <span class="pull-left">
      <i class="fa fa-user fa-2x"></i>
  </span>
  <div class="media-body">
    <small class="pull-right">3 dni temu</small>
    <strong>
      Rafał Daroch
    </strong>
     dodał(a) komentarz<br>
    <small class="text-muted">2024-08-19 17:27</small>
    <small class="text-muted">Dodane automatycznie</small>
    <div class="well " style="white-space: pre-wrap;">Usunięto piktogram "procent" z modułu
</div>
  </div>
</div>


                    <style>
.user-comment {
  background-color: #e2e9ff;
}
</style>

<div class="chat-element " comment_id="7097851" id="c7097851">
  <span class="pull-left">
      <i class="fa fa-user fa-2x"></i>
  </span>
  <div class="media-body">
    <small class="pull-right">3 dni temu</small>
    <strong>
      Rafał Daroch
    </strong>
     dodał(a) komentarz<br>
    <small class="text-muted">2024-08-19 17:27</small>
    <small class="text-muted">Dodane automatycznie</small>
    <div class="well " style="white-space: pre-wrap;">Dodano piktogram(y): procent
</div>
  </div>
</div>


                    <style>
.user-comment {
  background-color: #e2e9ff;
}
</style>

<div class="chat-element " comment_id="7097850" id="c7097850">
  <span class="pull-left">
      <i class="fa fa-user fa-2x"></i>
  </span>
  <div class="media-body">
    <small class="pull-right">3 dni temu</small>
    <strong>
      Rafał Daroch
    </strong>
     dodał(a) komentarz<br>
    <small class="text-muted">2024-08-19 17:27</small>
    <small class="text-muted">Dodane automatycznie</small>
    <div class="well " style="white-space: pre-wrap;">Dodano logotypy/piktogramy: 
</div>
  </div>
</div>


                    <style>
.user-comment {
  background-color: #e2e9ff;
}
</style>

<div class="chat-element " comment_id="7097849" id="c7097849">
  <span class="pull-left">
      <i class="fa fa-user fa-2x"></i>
  </span>
  <div class="media-body">
    <small class="pull-right">3 dni temu</small>
    <strong>
      Rafał Daroch
    </strong>
     dodał(a) komentarz<br>
    <small class="text-muted">2024-08-19 17:27</small>
    <small class="text-muted">Dodane automatycznie</small>
    <div class="well " style="white-space: pre-wrap;">Dodano logotypy/piktogramy: 
</div>
  </div>
</div>


                    <style>
.user-comment {
  background-color: #e2e9ff;
}
</style>

<div class="chat-element " comment_id="7097848" id="c7097848">
  <span class="pull-left">
      <i class="fa fa-user fa-2x"></i>
  </span>
  <div class="media-body">
    <small class="pull-right">3 dni temu</small>
    <strong>
      Rafał Daroch
    </strong>
     dodał(a) komentarz<br>
    <small class="text-muted">2024-08-19 15:31</small>
    <small class="text-muted">Dodane automatycznie</small>
    <div class="well " style="white-space: pre-wrap;">Nastąpiła zmiana danych dla produktu Arbuz / EAN:22223002 / Index:: <ul><li>"Jednostka" z: <span style="background-color: #f7c6c6;">3</span> na: <span style="background-color: #cae9ca;">2</span></li></ul>
</div>
  </div>
</div>


                    <style>
.user-comment {
  background-color: #e2e9ff;
}
</style>

<div class="chat-element " comment_id="7097847" id="c7097847">
  <span class="pull-left">
      <i class="fa fa-user fa-2x"></i>
  </span>
  <div class="media-body">
    <small class="pull-right">3 dni temu</small>
    <strong>
      Rafał Daroch
    </strong>
     dodał(a) komentarz<br>
    <small class="text-muted">2024-08-19 15:31</small>
    <small class="text-muted">Dodane automatycznie</small>
    <div class="well " style="white-space: pre-wrap;">Nastąpiła zmiana danych dla produktu Arbuz / EAN:22223002 / Index:: <ul><li>"Jednostka" z: <span style="background-color: #f7c6c6;">2</span> na: <span style="background-color: #cae9ca;">3</span></li></ul>
</div>
  </div>
</div>


                    <style>
.user-comment {
  background-color: #e2e9ff;
}
</style>

<div class="chat-element " comment_id="7097846" id="c7097846">
  <span class="pull-left">
      <i class="fa fa-user fa-2x"></i>
  </span>
  <div class="media-body">
    <small class="pull-right">3 dni temu</small>
    <strong>
      Rafał Daroch
    </strong>
     dodał(a) komentarz<br>
    <small class="text-muted">2024-08-19 15:24</small>
    <small class="text-muted">Dodane automatycznie</small>
    <div class="well " style="white-space: pre-wrap;">Nastąpiła zmiana danych dla produktu Arbuz / EAN:22223002 / Index:: <ul><li>"RA / MT" z: <span style="background-color: #f7c6c6;">[brak]</span> na: <span style="background-color: #cae9ca;">RA</span></li></ul>
</div>
  </div>
</div>


                    <style>
.user-comment {
  background-color: #e2e9ff;
}
</style>

<div class="chat-element " comment_id="7097845" id="c7097845">
  <span class="pull-left">
      <i class="fa fa-user fa-2x"></i>
  </span>
  <div class="media-body">
    <small class="pull-right">3 dni temu</small>
    <strong>
      Rafał Daroch
    </strong>
     dodał(a) komentarz<br>
    <small class="text-muted">2024-08-19 15:23</small>
    <small class="text-muted">Dodane automatycznie</small>
    <div class="well " style="white-space: pre-wrap;">Nastąpiła zmiana danych dla produktu Arbuz / EAN:22223002 / Index:: <ul><li>"Ilość" z: <span style="background-color: #f7c6c6;">1</span> na: <span style="background-color: #cae9ca;">5</span></li></ul>
</div>
  </div>
</div>


                    <style>
.user-comment {
  background-color: #e2e9ff;
}
</style>

<div class="chat-element " comment_id="7097844" id="c7097844">
  <span class="pull-left">
      <i class="fa fa-user fa-2x"></i>
  </span>
  <div class="media-body">
    <small class="pull-right">3 dni temu</small>
    <strong>
      Rafał Daroch
    </strong>
     dodał(a) komentarz<br>
    <small class="text-muted">2024-08-19 15:23</small>
    <small class="text-muted">Dodane automatycznie</small>
    <div class="well " style="white-space: pre-wrap;">Nastąpiła zmiana danych dla produktu Arbuz / EAN:22223002 / Index:: <ul><li>"Ilość" z: <span style="background-color: #f7c6c6;">5</span> na: <span style="background-color: #cae9ca;">1</span></li></ul>
</div>
  </div>
</div>


                    <style>
.user-comment {
  background-color: #e2e9ff;
}
</style>

<div class="chat-element " comment_id="7097843" id="c7097843">
  <span class="pull-left">
      <i class="fa fa-user fa-2x"></i>
  </span>
  <div class="media-body">
    <small class="pull-right">3 dni temu</small>
    <strong>
      Rafał Daroch
    </strong>
     dodał(a) komentarz<br>
    <small class="text-muted">2024-08-19 15:21</small>
    <small class="text-muted">Dodane automatycznie</small>
    <div class="well " style="white-space: pre-wrap;">Nastąpiła zmiana danych dla produktu Arbuz / EAN:22223002 / Index:: <ul><li>"Ilość" z: <span style="background-color: #f7c6c6;">1</span> na: <span style="background-color: #cae9ca;">5</span></li></ul>
</div>
  </div>
</div>


                    <style>
.user-comment {
  background-color: #e2e9ff;
}
</style>

<div class="chat-element " comment_id="7097832" id="c7097832">
  <span class="pull-left">
      <i class="fa fa-user fa-2x"></i>
  </span>
  <div class="media-body">
    <small class="pull-right">3 dni temu</small>
    <strong>
      Rafał Daroch
    </strong>
     dodał(a) komentarz<br>
    <small class="text-muted">2024-08-19 14:18</small>
    <small class="text-muted">Dodane automatycznie</small>
    <div class="well " style="white-space: pre-wrap;">Dodano logotypy/piktogramy: mechanizm_drugi_n_taniej
</div>
  </div>
</div>


                    <style>
.user-comment {
  background-color: #e2e9ff;
}
</style>

<div class="chat-element " comment_id="7097831" id="c7097831">
  <span class="pull-left">
      <i class="fa fa-user fa-2x"></i>
  </span>
  <div class="media-body">
    <small class="pull-right">3 dni temu</small>
    <strong>
      Rafał Daroch
    </strong>
     dodał(a) komentarz<br>
    <small class="text-muted">2024-08-19 14:18</small>
    <small class="text-muted">Dodane automatycznie</small>
    <div class="well " style="white-space: pre-wrap;">Usunięto piktogram "procent" z modułu
</div>
  </div>
</div>


                    <style>
.user-comment {
  background-color: #e2e9ff;
}
</style>

<div class="chat-element " comment_id="7097830" id="c7097830">
  <span class="pull-left">
      <i class="fa fa-user fa-2x"></i>
  </span>
  <div class="media-body">
    <small class="pull-right">3 dni temu</small>
    <strong>
      Rafał Daroch
    </strong>
     dodał(a) komentarz<br>
    <small class="text-muted">2024-08-19 14:18</small>
    <small class="text-muted">Dodane automatycznie</small>
    <div class="well " style="white-space: pre-wrap;">Usunięto piktogram "codziennie_swieze" z modułu
</div>
  </div>
</div>


                    <style>
.user-comment {
  background-color: #e2e9ff;
}
</style>

<div class="chat-element " comment_id="7097829" id="c7097829">
  <span class="pull-left">
      <i class="fa fa-laptop fa-2x"></i>
  </span>
  <div class="media-body">
    <small class="pull-right">3 dni temu</small>
    <strong>
      System
    </strong>
     dodał(a) komentarz<br>
    <small class="text-muted">2024-08-19 12:34</small>
    <small class="text-muted">Dodane automatycznie</small>
    <div class="well " style="white-space: pre-wrap;">Nastąpiła zmiana danych dla produktu Arbuz / EAN:22223002 / Index:: <ul><li>"Ilość" z: <span style="background-color: #f7c6c6;">2</span> na: <span style="background-color: #cae9ca;">1</span></li></ul>
</div>
  </div>
</div>


                    <style>
.user-comment {
  background-color: #e2e9ff;
}
</style>

<div class="chat-element " comment_id="7097828" id="c7097828">
  <span class="pull-left">
      <i class="fa fa-laptop fa-2x"></i>
  </span>
  <div class="media-body">
    <small class="pull-right">3 dni temu</small>
    <strong>
      System
    </strong>
     dodał(a) komentarz<br>
    <small class="text-muted">2024-08-19 12:32</small>
    <small class="text-muted">Dodane automatycznie</small>
    <div class="well " style="white-space: pre-wrap;">Nastąpiła zmiana danych dla produktu Arbuz / EAN:22223002 / Index:: <ul><li>"Ilość" z: <span style="background-color: #f7c6c6;">5</span> na: <span style="background-color: #cae9ca;">2</span></li><li>"Gramatura-2" z: <span style="background-color: #f7c6c6;">5</span> na: <span style="background-color: #cae9ca;">4</span></li></ul>
</div>
  </div>
</div>


                    <style>
.user-comment {
  background-color: #e2e9ff;
}
</style>

<div class="chat-element " comment_id="7097827" id="c7097827">
  <span class="pull-left">
      <i class="fa fa-laptop fa-2x"></i>
  </span>
  <div class="media-body">
    <small class="pull-right">3 dni temu</small>
    <strong>
      System
    </strong>
     dodał(a) komentarz<br>
    <small class="text-muted">2024-08-19 12:31</small>
    <small class="text-muted">Dodane automatycznie</small>
    <div class="well " style="white-space: pre-wrap;">Nastąpiła zmiana danych dla produktu Arbuz / EAN:22223002 / Index:: <ul><li>"Ilość" z: <span style="background-color: #f7c6c6;">1</span> na: <span style="background-color: #cae9ca;">5</span></li><li>"Gramatura" z: <span style="background-color: #f7c6c6;">2</span> na: <span style="background-color: #cae9ca;">5</span></li><li>"Gramatura-3" z: <span style="background-color: #f7c6c6;">[brak]</span> na: <span style="background-color: #cae9ca;">10</span></li><li>"Gramatura-2" z: <span style="background-color: #f7c6c6;">3</span> na: <span style="background-color: #cae9ca;">5</span></li></ul>
</div>
  </div>
</div>


                    <style>
.user-comment {
  background-color: #e2e9ff;
}
</style>

<div class="chat-element " comment_id="7088534" id="c7088534">
  <span class="pull-left">
      <i class="fa fa-user fa-2x"></i>
  </span>
  <div class="media-body">
    <small class="pull-right">3 miesiące temu</small>
    <strong>
      Rafał Daroch
    </strong>
     dodał(a) komentarz<br>
    <small class="text-muted">2024-05-10 17:32</small>
    <small class="text-muted">Dodane automatycznie</small>
    <div class="well " style="white-space: pre-wrap;">Nastąpiła zmiana danych dla produktu Arbuz / EAN:22223002 / Index:: <ul><li>"Gramatura-2" z: <span style="background-color: #f7c6c6;">[brak]</span> na: <span style="background-color: #cae9ca;">3</span></li><li>"Jednostka" z: <span style="background-color: #f7c6c6;">1</span> na: <span style="background-color: #cae9ca;">2</span></li></ul>
</div>
  </div>
</div>


                </div>
                <h3 class="toggle_comments">
                  <a href="#!">
                    Korekta 8 (0 komentarzy)
                  </a>
                  <i class="arrow-toggle fa fa-angle-up" aria-hidden="true"></i>

                </h3>

                <div class="comments" style="display: none">
                </div>
                <h3 class="toggle_comments">
                  <a href="#!">
                    Korekta 7 (0 komentarzy)
                  </a>
                  <i class="arrow-toggle fa fa-angle-up" aria-hidden="true"></i>

                </h3>

                <div class="comments" style="display: none">
                </div>
                <h3 class="toggle_comments">
                  <a href="#!">
                    Korekta 6 (2 komentarze)
                  </a>
                  <i class="arrow-toggle fa fa-angle-up" aria-hidden="true"></i>

                </h3>

                <div class="comments" style="display: none">
                    <style>
.user-comment {
  background-color: #e2e9ff;
}
</style>

<div class="chat-element " comment_id="7088207" id="c7088207">
  <span class="pull-left">
      <i class="fa fa-user fa-2x"></i>
  </span>
  <div class="media-body">
    <small class="pull-right">3 miesiące temu</small>
    <strong>
      Rafał Daroch
    </strong>
     dodał(a) komentarz<br>
    <small class="text-muted">2024-05-10 17:17</small>
    <small class="text-muted">Dodane automatycznie</small>
    <div class="well " style="white-space: pre-wrap;">Nastąpiła zmiana danych dla produktu Arbuz / EAN:22223002 / Index:: <ul><li>"CENA 1" z: <span style="background-color: #f7c6c6;">11,00</span> zł na: <span style="background-color: #cae9ca;">11,11</span></li> zł<li>"CENA 2" z: <span style="background-color: #f7c6c6;">12,00</span> zł na: <span style="background-color: #cae9ca;">12,12</span></li> zł<li>"CENA 3" z: <span style="background-color: #f7c6c6;">13,00</span> zł na: <span style="background-color: #cae9ca;">13,13</span></li> zł<li>"CENA 4" z: <span style="background-color: #f7c6c6;">14,00</span> zł na: <span style="background-color: #cae9ca;">14,14</span></li> zł</ul>
</div>
  </div>
</div>


                    <style>
.user-comment {
  background-color: #e2e9ff;
}
</style>

<div class="chat-element " comment_id="7088206" id="c7088206">
  <span class="pull-left">
      <i class="fa fa-user fa-2x"></i>
  </span>
  <div class="media-body">
    <small class="pull-right">3 miesiące temu</small>
    <strong>
      Rafał Daroch
    </strong>
     dodał(a) komentarz<br>
    <small class="text-muted">2024-05-10 15:37</small>
    <small class="text-muted">Dodane automatycznie</small>
    <div class="well " style="white-space: pre-wrap;">Nastąpiła zmiana danych dla produktu Arbuz / EAN:22223002 / Index:: <ul><li>"CENA 1" z: <span style="background-color: #f7c6c6;">10,00</span> zł na: <span style="background-color: #cae9ca;">11,00</span></li> zł<li>"CENA 2" z: <span style="background-color: #f7c6c6;">11,00</span> zł na: <span style="background-color: #cae9ca;">12,00</span></li> zł<li>"CENA 3" z: <span style="background-color: #f7c6c6;">0,00</span> zł na: <span style="background-color: #cae9ca;">13,00</span></li> zł<li>"CENA 4" z: <span style="background-color: #f7c6c6;">0,00</span> zł na: <span style="background-color: #cae9ca;">14,00</span></li> zł<li>"UWAGI CENA 1" z: <span style="background-color: #f7c6c6;">[brak]</span> na: <span style="background-color: #cae9ca;">uwagi do pierwszej ceny</span></li></ul>
</div>
  </div>
</div>


                </div>
                <h3 class="toggle_comments">
                  <a href="#!">
                    Korekta 5 (0 komentarzy)
                  </a>
                  <i class="arrow-toggle fa fa-angle-up" aria-hidden="true"></i>

                </h3>

                <div class="comments" style="display: none">
                </div>
                <h3 class="toggle_comments">
                  <a href="#!">
                    Korekta 4 (0 komentarzy)
                  </a>
                  <i class="arrow-toggle fa fa-angle-up" aria-hidden="true"></i>

                </h3>

                <div class="comments" style="display: none">
                </div>
                <h3 class="toggle_comments">
                  <a href="#!">
                    Korekta 3 (0 komentarzy)
                  </a>
                  <i class="arrow-toggle fa fa-angle-up" aria-hidden="true"></i>

                </h3>

                <div class="comments" style="display: none">
                </div>
                <h3 class="toggle_comments">
                  <a href="#!">
                    Korekta 2 (3 komentarze<i class="fa fa-user fa-fw"></i>)
                  </a>
                  <i class="arrow-toggle fa fa-angle-up" aria-hidden="true"></i>

                </h3>

                <div class="comments" style="display: none">
                    <style>
.user-comment {
  background-color: #e2e9ff;
}
</style>

<div class="chat-element " comment_id="6945705" id="c6945705">
  <span class="pull-left">
      <i class="fa fa-user fa-2x"></i>
  </span>
  <div class="media-body">
    <small class="pull-right">6 miesięcy temu</small>
    <strong>
      Rafał Daroch
    </strong>
     dodał(a) komentarz<br>
    <small class="text-muted">2024-02-23 15:18</small>
    <small class="text-muted">Dodane przez użytkownika</small>
    <div class="well dedicated-comment" style="white-space: pre-wrap;">Komentarz do marketingu
</div>
  </div>
</div>


                    <style>
.user-comment {
  background-color: #e2e9ff;
}
</style>

<div class="chat-element " comment_id="6929691" id="c6929691">
  <span class="pull-left">
      <i class="fa fa-user fa-2x"></i>
  </span>
  <div class="media-body">
    <small class="pull-right">6 miesięcy temu</small>
    <strong>
      Rafał Daroch
    </strong>
     dodał(a) komentarz<br>
    <small class="text-muted">2024-02-22 10:57</small>
    <small class="text-muted">Dodane przez użytkownika</small>
    <div class="well user-comment" style="white-space: pre-wrap;">lklk;lk
</div>
  </div>
</div>


                    <style>
.user-comment {
  background-color: #e2e9ff;
}
</style>

<div class="chat-element " comment_id="6929685" id="c6929685">
  <span class="pull-left">
      <i class="fa fa-user fa-2x"></i>
  </span>
  <div class="media-body">
    <small class="pull-right">6 miesięcy temu</small>
    <strong>
      Rafał Daroch
    </strong>
     dodał(a) komentarz<br>
    <small class="text-muted">2024-02-22 10:52</small>
    <small class="text-muted">Dodane automatycznie</small>
    <div class="well " style="white-space: pre-wrap;">Dodano logotypy/piktogramy: milka_logo
</div>
  </div>
</div>


                </div>
                <h3 class="toggle_comments">
                  <a href="#!">
                    Korekta 1 (0 komentarzy)
                  </a>
                  <i class="arrow-toggle fa fa-angle-up" aria-hidden="true"></i>

                </h3>

                <div class="comments" style="display: none">
                </div>
                <h3 class="toggle_comments">
                  <a href="#!">
                    Korekta tylko marketing (0 komentarzy)
                  </a>
                  <i class="arrow-toggle fa fa-angle-up" aria-hidden="true"></i>

                </h3>

                <div class="comments" style="display: none">
                </div>
                <h3 class="toggle_comments">
                  <a href="#!">
                    Korekta 1 (5 komentarzy<i class="fa fa-user fa-fw"></i>)
                  </a>
                  <i class="arrow-toggle fa fa-angle-up" aria-hidden="true"></i>

                </h3>

                <div class="comments" style="display: none">
                    <style>
.user-comment {
  background-color: #e2e9ff;
}
</style>

<div class="chat-element " comment_id="6856845" id="c6856845">
  <span class="pull-left">
      <i class="fa fa-user fa-2x"></i>
  </span>
  <div class="media-body">
    <small class="pull-right">7 miesięcy temu</small>
    <strong>
      Prezentacja Kupiec
    </strong>
     dodał(a) komentarz<br>
    <small class="text-muted">2024-02-07 11:19</small>
    <small class="text-muted">Dodane przez użytkownika</small>
    <div class="well user-comment" style="white-space: pre-wrap;">Koment
</div>
  </div>
</div>


                    <style>
.user-comment {
  background-color: #e2e9ff;
}
</style>

<div class="chat-element " comment_id="6856843" id="c6856843">
  <span class="pull-left">
      <i class="fa fa-user fa-2x"></i>
  </span>
  <div class="media-body">
    <small class="pull-right">7 miesięcy temu</small>
    <strong>
      Prezentacja Kupiec
    </strong>
     dodał(a) komentarz<br>
    <small class="text-muted">2024-02-07 11:18</small>
    <small class="text-muted">Dodane automatycznie</small>
    <div class="well " style="white-space: pre-wrap;">Dodano logotypy/piktogramy: 
</div>
  </div>
</div>


                    <style>
.user-comment {
  background-color: #e2e9ff;
}
</style>

<div class="chat-element " comment_id="6856842" id="c6856842">
  <span class="pull-left">
      <i class="fa fa-user fa-2x"></i>
  </span>
  <div class="media-body">
    <small class="pull-right">7 miesięcy temu</small>
    <strong>
      Prezentacja Kupiec
    </strong>
     dodał(a) komentarz<br>
    <small class="text-muted">2024-02-07 11:18</small>
    <small class="text-muted">Dodane automatycznie</small>
    <div class="well " style="white-space: pre-wrap;">Nastąpiła zmiana danych dla produktu Arbuz / EAN:22223002 / Index:: <ul><li>"Cena Promocyjna" z: <span style="background-color: #f7c6c6;">0,00</span> zł na: <span style="background-color: #cae9ca;">10,00</span></li> zł<li>"Cena Regularna" z: <span style="background-color: #f7c6c6;">0,00</span> zł na: <span style="background-color: #cae9ca;">11,00</span></li> zł</ul>
</div>
  </div>
</div>


                    <style>
.user-comment {
  background-color: #e2e9ff;
}
</style>

<div class="chat-element " comment_id="6856841" id="c6856841">
  <span class="pull-left">
      <i class="fa fa-user fa-2x"></i>
  </span>
  <div class="media-body">
    <small class="pull-right">7 miesięcy temu</small>
    <strong>
      Prezentacja Kupiec
    </strong>
     dodał(a) komentarz<br>
    <small class="text-muted">2024-02-07 11:18</small>
    <small class="text-muted">Dodane automatycznie</small>
    <div class="well " style="white-space: pre-wrap;">Nastąpiła zmiana danych dla produktu Arbuz / EAN:22223002 / Index:: <ul><li>"Gramatura" z: <span style="background-color: #f7c6c6;">1</span> na: <span style="background-color: #cae9ca;">2</span></li></ul>
</div>
  </div>
</div>


                    <style>
.user-comment {
  background-color: #e2e9ff;
}
</style>

<div class="chat-element " comment_id="6856840" id="c6856840">
  <span class="pull-left">
      <i class="fa fa-user fa-2x"></i>
  </span>
  <div class="media-body">
    <small class="pull-right">7 miesięcy temu</small>
    <strong>
      Prezentacja Kupiec
    </strong>
     dodał(a) komentarz<br>
    <small class="text-muted">2024-02-07 11:16</small>
    <small class="text-muted">Dodane automatycznie</small>
    <div class="well " style="white-space: pre-wrap;">Zaakceptowano: produkt, dane produktu, zdjęcia, cena, logotyp, piktogram, Gramatura.
</div>
  </div>
</div>


                </div>
                <h3 class="toggle_comments">
                  <a href="#!">
                    Paginacja (3 komentarze)
                  </a>
                  <i class="arrow-toggle fa fa-angle-up" aria-hidden="true"></i>

                </h3>

                <div class="comments" style="display: none">
                    <style>
.user-comment {
  background-color: #e2e9ff;
}
</style>

<div class="chat-element " comment_id="6735121" id="c6735121">
  <span class="pull-left">
      <i class="fa fa-user fa-2x"></i>
  </span>
  <div class="media-body">
    <small class="pull-right">8 miesięcy temu</small>
    <strong>
      Tomek Frątczak
    </strong>
     dodał(a) komentarz<br>
    <small class="text-muted">2024-01-08 12:04</small>
    <small class="text-muted">Dodane automatycznie</small>
    <div class="well " style="white-space: pre-wrap;">Utworzono nowy moduł + Dodano produkt. Arbuz (ean: 22223002/ plu: )
</div>
  </div>
</div>


                    <style>
.user-comment {
  background-color: #e2e9ff;
}
</style>

<div class="chat-element " comment_id="6735119" id="c6735119">
  <span class="pull-left">
      <i class="fa fa-user fa-2x"></i>
  </span>
  <div class="media-body">
    <small class="pull-right">8 miesięcy temu</small>
    <strong>
      Tomek Frątczak
    </strong>
     dodał(a) komentarz<br>
    <small class="text-muted">2024-01-08 12:04</small>
    <small class="text-muted">Dodane automatycznie</small>
    <div class="well " style="white-space: pre-wrap;">Dodano proponowane logotypy/piktogramy
</div>
  </div>
</div>


                    <style>
.user-comment {
  background-color: #e2e9ff;
}
</style>

<div class="chat-element " comment_id="6735118" id="c6735118">
  <span class="pull-left">
      <i class="fa fa-user fa-2x"></i>
  </span>
  <div class="media-body">
    <small class="pull-right">8 miesięcy temu</small>
    <strong>
      Tomek Frątczak
    </strong>
     dodał(a) komentarz<br>
    <small class="text-muted">2024-01-08 12:04</small>
    <small class="text-muted">Dodane automatycznie</small>
    <div class="well " style="white-space: pre-wrap;">Dodano proponowane logotypy/piktogramy
</div>
  </div>
</div>


                </div>
              
          </div>
        </div>


    </div>
  </div>




<script>


  $(".delete-icon[data-remote]").on("ajax:success", function (e, data, status, xhr) {
    if ( data.status == 'success' ){
    }
    reloadTabClick(796310);
    reloadTabClick(796310);
  })


</script></div>
              </div>
            </div>
            <div id="module-796308" class="tab-pane ">
              <div class="panel-body" style="background-color: #f3f3f4; border: 0px; padding-top: 2px;">
                <div class="col-md-12">
                      <span class="loading-module" id="loading-module-796308">
                        <i class="fa fa-spinner fa-spin fa-2x fa-fw"></i><br>
                        Ładowanie modułu...
                      </span>
                </div>
              </div>
            </div>
            <div id="module-796311" class="tab-pane ">
              <div class="panel-body" style="background-color: #f3f3f4; border: 0px; padding-top: 2px;">
                <div class="col-md-12">
                      <span class="loading-module" id="loading-module-796311">
                        <i class="fa fa-spinner fa-spin fa-2x fa-fw"></i><br>
                        Ładowanie modułu...
                      </span>
                </div>
              </div>
            </div>
            <div id="module-796309" class="tab-pane ">
              <div class="panel-body" style="background-color: #f3f3f4; border: 0px; padding-top: 2px;">
                <div class="col-md-12">
                      <span class="loading-module" id="loading-module-796309">
                        <i class="fa fa-spinner fa-spin fa-2x fa-fw"></i><br>
                        Ładowanie modułu...
                      </span>
                </div>
              </div>
            </div>
        </div>

      </div>
      
      <!-- obraz strony jeśli brak modułów -->
      <!-- obraz strony -->

       <div class="row">
        <div class="col-lg-12">
          <h2>Komentarze strony 1</h2>
        </div>
        <div class="col-md-12">
          <div class="chat-form" style="min-height: 150px;">
              <form role="form" class="new_comment" id="new_comment" action="/comments" accept-charset="UTF-8" method="post"><input name="utf8" type="hidden" value="✓"><input type="hidden" name="authenticity_token" value="YrQQs21XDT0GWwuBHrd+Y90hegBeFaVrnke97drhUu+l66Ce/N1Ej/udMox44EX8ttu0GhOBx2EB6s3u6i3yuw==">
	<div class="form-group row"><label class="sr-only col-form-label col-sm-2" for="comment_content" style="display: none;">Content</label><div class="col-sm-12"><textarea placeholder="Wprowadź komentarz" style="height: 100px; max-width: 100%; min-height: 100px;" class="form-control" name="comment[content]" id="comment_content"></textarea></div></div>
	<input value="106494" type="hidden" name="comment[target_id]" id="comment_target_id">
	<input value="1" type="hidden" name="comment[target_type]" id="comment_target_type">

		<input type="hidden" name="custom_redirect" id="input" class="form-control" value="/pages/106494/correction">




	<div class="text-left">
			  <input type="submit" name="commit" value="Zapisz komentarz do agencji" data-confirm="Uwaga! Czy na pewno chcesz dodać komentarz do całej strony?" data-disable-with="Zapisz komentarz do agencji" class="btn btn-sm btn-success m-t-n-xs">
			  	<input type="submit" name="commit" value="Zapisz komentarz do marketingu" data-confirm="Uwaga! Czy na pewno chcesz dodać komentarz do całej strony?" data-disable-with="Zapisz komentarz do marketingu" class="btn btn-sm m-t-n-xs btn-pink">

	</div>

</form>
<script>
	 $(function() {
    $('input[type=file]').change(function(){
      var t = $(this).val();
      var labelText = 'File : ' + t.substr(12, t.length);
      console.log(labelText)
      $('.comment-file').text(labelText);
    })
  });

	$(document).ready(function() {
		// upload file stuff:
	  	// $(":file").filestyle('placeholder', 'Brak pliku');
	  	$('label[for="comment_attachment"]').text("Wybierz plik");
	  	$('label[for="comment_attachment"].control-label').hide();
	});
</script>
	
          </div>
        </div>
        <div class="col-lg-12">
          <div class="feed-activity-list contact-box">
              <h3 class="toggle_comments">
                <a href="#!">
                  Korekta 9 (0 komentarzy)
                </a>
                <i class="arrow-toggle fa fa-angle-down" aria-hidden="true"></i>

              </h3>

              <div class="comments" style="display: block">
              </div>
              <h3 class="toggle_comments">
                <a href="#!">
                  Korekta 8 (0 komentarzy)
                </a>
                <i class="arrow-toggle fa fa-angle-up" aria-hidden="true"></i>

              </h3>

              <div class="comments" style="display: none">
              </div>
              <h3 class="toggle_comments">
                <a href="#!">
                  Korekta 7 (0 komentarzy)
                </a>
                <i class="arrow-toggle fa fa-angle-up" aria-hidden="true"></i>

              </h3>

              <div class="comments" style="display: none">
              </div>
              <h3 class="toggle_comments">
                <a href="#!">
                  Korekta 6 (0 komentarzy)
                </a>
                <i class="arrow-toggle fa fa-angle-up" aria-hidden="true"></i>

              </h3>

              <div class="comments" style="display: none">
              </div>
              <h3 class="toggle_comments">
                <a href="#!">
                  Korekta 5 (0 komentarzy)
                </a>
                <i class="arrow-toggle fa fa-angle-up" aria-hidden="true"></i>

              </h3>

              <div class="comments" style="display: none">
              </div>
              <h3 class="toggle_comments">
                <a href="#!">
                  Korekta 4 (0 komentarzy)
                </a>
                <i class="arrow-toggle fa fa-angle-up" aria-hidden="true"></i>

              </h3>

              <div class="comments" style="display: none">
              </div>
              <h3 class="toggle_comments">
                <a href="#!">
                  Korekta 3 (0 komentarzy)
                </a>
                <i class="arrow-toggle fa fa-angle-up" aria-hidden="true"></i>

              </h3>

              <div class="comments" style="display: none">
              </div>
              <h3 class="toggle_comments">
                <a href="#!">
                  Korekta 2 (0 komentarzy)
                </a>
                <i class="arrow-toggle fa fa-angle-up" aria-hidden="true"></i>

              </h3>

              <div class="comments" style="display: none">
              </div>
              <h3 class="toggle_comments">
                <a href="#!">
                  Korekta 1 (0 komentarzy)
                </a>
                <i class="arrow-toggle fa fa-angle-up" aria-hidden="true"></i>

              </h3>

              <div class="comments" style="display: none">
              </div>
              <h3 class="toggle_comments">
                <a href="#!">
                  Korekta tylko marketing (0 komentarzy)
                </a>
                <i class="arrow-toggle fa fa-angle-up" aria-hidden="true"></i>

              </h3>

              <div class="comments" style="display: none">
              </div>
              <h3 class="toggle_comments">
                <a href="#!">
                  Korekta 1 (0 komentarzy)
                </a>
                <i class="arrow-toggle fa fa-angle-up" aria-hidden="true"></i>

              </h3>

              <div class="comments" style="display: none">
              </div>
              <h3 class="toggle_comments">
                <a href="#!">
                  Paginacja (2 komentarze)
                </a>
                <i class="arrow-toggle fa fa-angle-up" aria-hidden="true"></i>

              </h3>

              <div class="comments" style="display: none">
                  <style>
.user-comment {
  background-color: #e2e9ff;
}
</style>

<div class="chat-element " comment_id="6735164" id="c6735164">
  <span class="pull-left">
      <i class="fa fa-user fa-2x"></i>
  </span>
  <div class="media-body">
    <small class="pull-right">8 miesięcy temu</small>
    <strong>
      Tomek Frątczak
    </strong>
     dodał(a) komentarz<br>
    <small class="text-muted">2024-01-08 12:16</small>
    <small class="text-muted">Dodane automatycznie</small>
    <div class="well " style="white-space: pre-wrap;">Zamieniono moduł 3 z modułem 4
</div>
  </div>
</div>


                  <style>
.user-comment {
  background-color: #e2e9ff;
}
</style>

<div class="chat-element " comment_id="6735127" id="c6735127">
  <span class="pull-left">
      <i class="fa fa-user fa-2x"></i>
  </span>
  <div class="media-body">
    <small class="pull-right">8 miesięcy temu</small>
    <strong>
      Tomek Frątczak
    </strong>
     dodał(a) komentarz<br>
    <small class="text-muted">2024-01-08 12:06</small>
    <small class="text-muted">Dodane automatycznie</small>
    <div class="well " style="white-space: pre-wrap;">Utworzono nowy moduł
</div>
  </div>
</div>


              </div>
          </div>
        </div>
      </div>

    </div>
  </div>






<script>
  $('#new_client_user_modal').on('shown.bs.modal', function () {
    $('.chosen-select', this).chosen();
  });
  function toggle_comments() {
    var arrow = $(this).children('.arrow-toggle')
    if (arrow.hasClass('fa-angle-down')) {
      arrow.removeClass('fa-angle-down')
      arrow.addClass('fa-angle-up')
    } else {
      arrow.removeClass('fa-angle-up')
      arrow.addClass('fa-angle-down')
    }
    $(this).next('.comments').slideToggle('slow');
  }

  ///////// Walidacja logo i pikto (w modalach) - wszystkie pola muszą byc podane:
  var validate_image_on_form_submit = function(){
    $('form[id^="new_image_"] button[type="submit"]').on('click', function(ev){
      var $frm = $(this).closest('form');
      ev.preventDefault();
      var name = $frm.find('input#image_name').val();
      var img = $frm.find('input#image_image').val();

      if(name.length > 0 && img.length > 0){
        $frm.submit();
      }else{
        if(name.length == 0){
          toastr.error("Nazwa obrazka nie może być pusta");
        }
        if(img.length == 0){
          toastr.error("Obrazek nie może być pusty.");
        }
      }
    });
  }

    var url = document.location.toString();
    if (url.match('#')) {
      $('.nav-tabs a[href="#' + url.split('#')[1] + '"]').tab('show');
      $(window).scrollTop(0);
    } 

    // Change hash for page-reload
    $('.nav-tabs a').on('shown.bs.tab', function (e) {
        window.location.hash = e.target.hash;
        $('.select-leaflet-href').chosen("destroy");
        $('.select-leaflet-href').chosen();
        $(window).scrollTop(0);
    })
    $(window).scrollTop(0);

    // Domyslny tab, jesli jest w url'u:
    var init_module_id_tab = "";
    console.log(init_module_id_tab);
    var init_modal_field = "";
    console.log('init_modal_fieldd: ' + init_modal_field);
    
    if (!isNaN(init_module_id_tab)) {
      var edit_button_selector = '[module_id="'+init_module_id_tab+'"] table tr[field="'+init_modal_field+'"] button[data-target="#edit_product_modal"]';
      console.log('edit_button_selector)'+edit_button_selector);

      $('a[data-toggle="tab"][module_id="'+init_module_id_tab+'"]').trigger('click');
      // odpalenie modala:
      
      // console.log(!isNaN(init_modal_field)); // dlaczego zwraca false?
      if (edit_button_selector.length > 0) {
        // $(edit_button_selector).trigger('click');
        setTimeout(function() {
          $(edit_button_selector).trigger('click');
        }, 300);
      }

    }

    var not_accepted_html = $('');
    var accepted_html = '<span class="badge badge-primary"><i class="fa fa-check"></i> Zaakceptowany</span>';

    function on_edit_handler(e) {
      console.log('pages correction show modal on #edit_product_modal click');
      $(this).find(".ajax-body").html('');
      var $button = $(e.relatedTarget);
      console.log("$button:");
      console.log($button);
      
      var page_module_mode = $button.attr('page-module-mode') == "true";
      var field = $button.closest('.ibox[field]').attr('field');
      var change_product = $button.attr('change-product');
      var with_main_product = $button.attr('with-main-product');
      var correction_product_ajax_view = $button.attr('correction-product-ajax-view');
      var with_m2m_products = $button.attr('with-m2m-products');
      var module_id = $button.closest('div[module_id]').attr('module_id');
      var prod_id = $button.closest('div[product_id]').attr('product_id');

      var tab = 23//$button.closest("div[id^='tab-']").attr("id");

      if(page_module_mode == true){ // tryb zmiany reklamy lub działu (dane modułu, nie produktu!)

        // reklama lub dzial:
        var custom_field = $button.attr('page-module-field');
        var url = "/page_modules/"+module_id+"/edit_modal_view?page_module_mode=true&custom_field="+ custom_field + "&change_product=true"; 
        
        $(this).find(".ajax-body").load(url, function(){
          $('.chosen-select').chosen();
        });
        
      }else{
        if(field == 'product') {
          $('.modal-attribute-name').text('Produkt')
          var url = "/page_modules/"+module_id+"/edit_modal_view?change_product=" + change_product+"&with_main_product="+with_main_product+"&with_m2m_products="+with_m2m_products+"&correction_product_ajax_view="+correction_product_ajax_view;

          $(this).find(".ajax-body").load(url, function(){
            $('.chosen-select').chosen();
          });

        } else {
          if ( field=="advert" ){
            $('.modal-attribute-name').text('Dodaj produkt')
            var url = "/page_modules/"+module_id+"/edit_modal_view?advert=true&change_product=" + change_product+"&with_main_product="+with_main_product+"&with_m2m_products="+with_m2m_products;
          }
          else if(field=="description"){
             $('.modal-attribute-name').text('Dane produktu')
            var url = "/module_products/"+prod_id+"/edit_modal_view?field="+field + '&data='+change_product;
          }
          else if ( field=="price" ){
            $('.modal-attribute-name').text('Cena')
            var url = "/module_products/"+prod_id+"/edit_modal_view?field="+field;
          }
          else if ( field=="photos" ){
            $('.modal-attribute-name').text('Zdjęcia')
            var url = "/module_products/"+prod_id+"/edit_modal_view?field="+field;
          }
          else if ( field=="weight" ){
            $('.modal-attribute-name').text('Gramatura')
            var url = "/module_products/"+prod_id+"/edit_modal_view?field="+field;
          }
          else if(field == 'pict'){
            $('.modal-attribute-name').text('Piktogramy')
            var extra_tab = "&tab="+tab;
            var url = "/page_modules/"+module_id+"/edit_modal_images_view?image_type="+field+extra_tab;
          }
          else if(field == 'logo'){
            $('.modal-attribute-name').text('Logotypy')
            var extra_tab = "&tab="+tab;
            var url = "/page_modules/"+module_id+"/edit_modal_images_view?image_type="+field+extra_tab;
          }
          $(this).find(".ajax-body").load(url, function(){ 
            
            $('.description-addon').on('click', function(e){
              // $('#product_description-x').text($('#product_description-x').text() + ', ' + $(this).text())
              $('#product_description-x').val($('#product_description-x').val() + ', ' + $(this).text())
            })
            
            if(field == 'logo' || field == 'pict'){
              validate_image_on_form_submit();

            }else if(field == "photos"){
              // extra comment if not checked photos and origin photos are exists
              var origin_product_photos_count = $button.closest('div[photos_count]').attr('photos_count');
              var show_and_focus_extra_comment_textarea = function(){
                $('tr.extra_comment').css('display', 'table-row');
                $('tr.extra_comment textarea').css('border', '1px solid red');
                $('tr.extra_comment textarea').focus();
              }
              if(parseInt(origin_product_photos_count) > 0){
                $('input[type="submit"]').on('click', function(e){
                  var is_checked = $('input[name="selected_photos[]"]:checked').length > 0;
                  // txt = $('tr.extra_comment textarea').val();
                  var frm_selector = "form#edit_module_product_"+prod_id;
                  $frm = $(frm_selector);
                  $frm.submit();

                 // if(txt.length == 0 && !is_checked){
                  //  e.preventDefault();
                  //  show_and_focus_extra_comment_textarea();
                  //  toastr.info("Musisz wpisać powód braku zdjęć");
                 // }else{
                  //  $frm.submit();
                 // }
                });
                
                $('input[name="selected_photos[]"]').on('click', function(){
                  var is_checked = $('input[name="selected_photos[]"]:checked').length > 0;
                  if(!is_checked){
                    show_and_focus_extra_comment_textarea();
                  }else{
                    $('tr.extra_comment').css('display', 'none');
                  }
                });
              }

            }
          });
        }
      }
    }

    function on_advert_edit_handler(e){
      var $button = $(e.relatedTarget);
      var page_module_mode = $button.attr('page-module-mode') == "true";
      var field = $button.closest('.ibox[field]').attr('field');
      var change_product = $button.attr('change-product');
      var with_main_product = $button.attr('with-main-product');
      var correction_product_ajax_view = $button.attr('correction-product-ajax-view');
      var with_m2m_products = $button.attr('with-m2m-products');
      var module_id = $button.closest('div[module_id]').attr('module_id');
      var prod_id = $button.closest('div[product_id]').attr('product_id');
            
      console.log($button)
      var tab = 23//$button.closest("div[id^='tab-']").attr("id");

      $('.modal-attribute-name').text('Produkt')
      
      var tabUrl = window.location.hash.substring(1);
      var url = "/page_modules/"+module_id+"/edit_modal_view?change_product=" + change_product+"&with_main_product="+with_main_product+"&with_m2m_products="+with_m2m_products+"&correction_product_ajax_view="+correction_product_ajax_view;

      if (tabUrl != ""){
        url += "&tab_url=" + tabUrl;
      }

      if ( field == "advert" ){
        $('.modal-attribute-name').text('Dodaj produkt')
        var url = "/page_modules/"+module_id+"/edit_modal_view?advert=true&only_table=true&change_product=" + change_product+"&with_main_product="+with_main_product+"&with_m2m_products="+with_m2m_products;
      }

      $(this).find(".ajax-body").load(url, function(){
        $('.chosen-select').chosen();
      });
      $(this).find(".ajax-body").load(url, function(){ 
            
        $('.description-addon').on('click', function(e){
          // $('#product_description-x').text($('#product_description-x').text() + ', ' + $(this).text())
          $('#product_description-x').val($('#product_description-x').val() + ', ' + $(this).text())
        })
        
        if(field == 'logo' || field == 'pict'){
          validate_image_on_form_submit();

        } else if(field == "photos"){
          // extra comment if not checked photos and origin photos are exists
          var origin_product_photos_count = $button.closest('div[photos_count]').attr('photos_count');
          var show_and_focus_extra_comment_textarea = function(){
            $('tr.extra_comment').css('display', 'table-row');
            $('tr.extra_comment textarea').css('border', '1px solid red');
            $('tr.extra_comment textarea').focus();
          }
          if(parseInt(origin_product_photos_count) > 0){
            $('input[type="submit"]').on('click', function(e){
              var is_checked = $('input[name="selected_photos[]"]:checked').length > 0;
              txt = $('tr.extra_comment textarea').val();
              var frm_selector = "form#edit_module_product_"+prod_id;
              $frm = $(frm_selector);
              if(txt.length == 0 && !is_checked){
                e.preventDefault();
                show_and_focus_extra_comment_textarea();
                toastr.info("Musisz wpisać powód braku zdjęć");
              }else{
                $frm.submit();
              }
            });
            
            $('input[name="selected_photos[]"]').on('click', function(){
              var is_checked = $('input[name="selected_photos[]"]:checked').length > 0;
              if(!is_checked){
                show_and_focus_extra_comment_textarea();
              }else{
                $('tr.extra_comment').css('display', 'none');
              }
            });
          }

        }
      });
    }
    function lightbox_handler(e) {
        event.preventDefault();
        $(this).ekkoLightbox({alwaysShowClose:true, loadingMessage:'Loading...'});
    };

    function on_accept_handler(e){ 
        e.preventDefault();
        var self = $(this);
        
        self.fadeOut('slow');

        var action_type = self.attr('action');

        var field = self.closest('.ibox[field]').attr('field');
        var product_type = self.closest('div[product_type]').attr('product_type');
        var module_id = self.closest('div[module_id]').attr('module_id');

        var url = "/page_modules/"+module_id+"/change_status";
        var params = {'field': field, 'action_type': action_type}

        $.post(url, params, function(response, textStatus, xhr) {
          // console.log(response);
          // toastr.success('posted end');
          
        }).done(function(data){

          if(action_type == 'accept'){

            if(data.status == 'ok'){
              toastr.success(data.msg);
              self.closest('.ibox-content').removeClass('ibox-default').removeClass('ibox-danger').addClass('ibox-success')
              if (data.module_block){
                self.closest('.buttons:visible').fadeOut()
              }
              $('span[module_id=' + module_id + ']').attr('class', 'badge ' + data.badge)
              var go_to = "";
              // window.location.href = go_to;
            }else if (data.status == 'alert') {
              toastr.warning(data.msg);
              //$('span[module_id=' + module_id + ']').attr('class', 'badge ' + data.badge)
              var go_to = "";
              // window.location.href = go_to;
            }else {
              self.fadeIn('slow');
              toastr.error('Coś poszło nie tak..', 'Błąd');
            }
          }
          // on_accept_click();

        }).fail(function(){
          self.fadeIn('slow');
          toastr.error('Coś poszło nie tak...', 'Błąd');
        });

      }

    function on_accept_all_handler(e){
      var module_id = $(this).attr('module_id');
      var url = "/page_modules/"+module_id+"/change_status";
      var link = $(this);

      if ( $(this).attr("action") == 'accept_all'){
        console.log('asd')
          $('div[module_id=' + module_id + ']').find('.ibox-content').each(function(i, e){
            if (!$(e).hasClass('accept-no-change'))
              $(e).removeClass('ibox-default').removeClass('ibox-danger').addClass('ibox-success')
          })
        
        $('a[action=accept]').hide()
      }
      else {
        $('div[module_id=' + module_id + ']').find('.ibox-content').each(function(i, e){
            if (!$(e).hasClass('edit-no-change'))
              $(e).removeClass('ibox-success').removeClass('ibox-default').addClass('ibox-danger');
          })
        $('span[module_id=' + module_id + ']').removeClass('badge-success').removeClass('badge-default').addClass('badge-danger')
      }

      var params = {'field': 'all', 'action_type': $(this).attr("action")}
      $.post(url, params, function(response, textStatus, xhr) {
        link.hide();
      }).done(function(data){
        if(data.status == 'ok'){
          toastr.success(data.msg);
          var go_to = "";
          // window.location.href = go_to;
          $('span[module_id=' + module_id + ']').attr('class', 'badge ' + data.badge)
        } else if (data.status == 'alert'){
          toastr.warning(data.msg);
          var go_to = "";
          // window.location.href = go_to;
          $('span[module_id=' + module_id + ']').attr('class', 'badge ' + data.badge)
        }
        for (json_data of data.ibox) {
          $('.ibox[field="' + json_data.key + '"]:not[advert_product="true"]').children('.ibox-content').removeClass('ibox-default').removeClass('ibox-success').removeClass('ibox-danger').addClass(json_data.status)
          console.log(json_data)
          if (data.module_block && json_data.status == 'ibox-success'){
            $('.buttons[field="' + json_data.key + '"]:visible').fadeOut()
          }
        }
      }).fail(function(data){
        toastr.error("Coś poszło nie tak ..");
        link.show();
      });
    }

    function on_reference_handler(e){ 
      e.preventDefault();
      var self = $(this);
      
      self.fadeOut('slow');

      var action_type = self.attr('action');

      var field = self.closest('.ibox[field]').attr('field');
      var product_type = self.closest('div[product_type]').attr('product_type');
      var module_id = self.closest('div[module_id]').attr('module_id');

      var url = "/page_modules/"+module_id+"/" + action_type ;
      var params = {'field': field, 'action_type': action_type}

      $.post(url, params, function(response, textStatus, xhr) {
        // console.log(response);
        // toastr.success('posted end');
        
      }).done(function(data){

        if(action_type == 'accept'){

          if(data.status == 'ok'){
            toastr.success(data.msg);
            
          }else if (data.status == 'alert') {
            toastr.warning(data.msg);
            //$('span[module_id=' + module_id + ']').attr('class', 'badge ' + data.badge)
            var go_to = "";
            // window.location.href = go_to;
          }else {
            self.fadeIn('slow');
            toastr.error('Coś poszło nie tak..', 'Błąd');
          }
        }
        reloadTabClick(module_id);
        $('.tooltip').fadeOut();
      }).fail(function(){
        self.fadeIn('slow');
        toastr.error('Coś poszło nie tak...', 'Błąd');
      });

    }

    // Akceptacja
    var on_accept_all_click = function(){
      $('a[action="accept_all"], a[action="edit_all"]').on('click', on_accept_all_handler);
    }
    var on_accept_all_click_off = function(){
      $('a[action="accept_all"], a[action="edit_all"]').off('click', on_accept_all_handler);
    }
    var on_accept_click = function(){
      $('a[action="accept"]').on('click', on_accept_handler);
    }

    var on_reference_click = function(){
      $('a[action="unreference"]').on('click', on_reference_handler);
      $('a[action="reference"]').on('click', on_reference_handler);
    }
    var on_reference_click_off = function(){
      $('a[action="unreference"]').off('click', on_reference_handler);
      $('a[action="reference"]').off('click', on_reference_handler);
    }

    var on_accept_click_off = function(){
      $('a[action="accept"]').off('click', on_accept_handler);
    }
    on_reference_click();
    on_accept_all_click();
    on_accept_click();
    // Edycja
    var on_edit_click = function(){
      $("#edit_product_modal").on("show.bs.modal", on_edit_handler)
    }

    var on_edit_click_off = function(){
      $("#edit_product_modal").off("show.bs.modal", on_edit_handler)
    }

    var on_advert_edit_click = function(){
      $("#edit_advert_product_modal").on("show.bs.modal", on_advert_edit_handler)
    }

    var on_advert_edit_off = function(){
      $("#edit_advert_product_modal").off("show.bs.modal", on_advert_edit_handler)
    }

    on_edit_click();
    on_advert_edit_click();

    var lightbox = function(){
      $(document).on('click', '[data-toggle="lightbox"]', lightbox_handler);
    }
    var lightbox_off = function(){
      $(document).off('click', '[data-toggle="lightbox"]', lightbox_handler);
    }
    lightbox();
    $('.copy-btn').on('click', copyBtnFallback)


  $(document).ready(function(){
    $('[data-toggle="tooltip"]').tooltip({
       container: 'body'
    });

    // blueim image browser:
    var lightbox = new SimpleLightbox('.gallery a', { 'overlayOpacity': 0.9 });
    
    window.scrollTo({ top: 0});

    // safari workaround
    setTimeout(function() {
      window.scrollTo({ top: 0});
    }, 0);

  });

  $(".archive-photo-modal").on("ajax:success", function (e, data, status, xhr) {
    console.log(data);
    toastr.success( "Zdjęcie zostało zarchiwizowane.", 'Sukces')
    $(this).replaceWith("<i class='fa fa-check fa-fw'></i><b>t('ctrl.photo_archived')</b>")
  });

  $("a[data-remote]").on("ajax:success", function (e, data, status, xhr) {
    console.log(data);
    if ( data.status == 'ok' ){
      toastr.success( data.message, 'Sukces')
      $(this).replaceWith("<i class='fa fa-check fa-fw'></i><b>Zaktualizowano</b>")
    } else if ( data.status != 'accepted_prices' ){
      toastr.warning( data.message, 'Błąd')
    }

  });
  var on_edit_click = function(){
    $("#edit_product_modal").on("show.bs.modal", on_edit_handler)
  }
  var on_edit_click_off = function(){
    $("#edit_product_modal").off("show.bs.modal", on_edit_handler)
  }
  var on_advert_edit_click = function(){
    $("#edit_advert_product_modal").on("show.bs.modal", on_advert_edit_handler)
  }

  var on_advert_edit_off = function(){
    $("#edit_advert_product_modal").off("show.bs.modal", on_advert_edit_handler)
  }
  function toggle_comments(){
    var arrow = $(this).children('.arrow-toggle')
    if (arrow.hasClass('fa-angle-down')) {
      arrow.removeClass('fa-angle-down')
      arrow.addClass('fa-angle-up')
    } else {
      arrow.removeClass('fa-angle-up')
      arrow.addClass('fa-angle-down')
    }
    $(this).next('.comments').slideToggle('slow');
  }

  $('.tab-module').on('click', function(){
    id = $(this).attr('module_id')
   
    module_placeholder = $('span#loading-module-' + id)
    if (module_placeholder.length == 1){
      $.ajax({
        url: "/page_modules/" + id + "/correction_product_ajax?correction_mode=true",
        data: {archived: false},
        cache: false,
        success: function(json){
          $(module_placeholder).replaceWith(json)
          $('[data-toggle="tooltip"]').tooltip({
             container: 'body'
          });

          // off old handlers
          $('.toggle_comments').off('click', toggle_comments);
          on_edit_click_off();
          on_advert_edit_off();
          on_accept_click_off();
          on_accept_all_click_off();
          on_reference_click_off();
          lightbox_off();
          $('.swap-icon').off('click', swapIconListener)
          $('.copy-btn').off('click', copyBtnFallback)
          $(".a-mouseover").off('click', function(){
            $(this).next('.mouseover-popup-click').show()
            $(this).next('.mouseover-popup-joined-prod').show()
          })
          $(".close-popup").off('click', function(){
            $('.mouseover-popup-click').hide()
            $('.mouseover-popup-click-pict').hide()
          })
          $('.a-popover').off();
          // on all handlers

          $('.toggle_comments').on('click', toggle_comments);
          on_edit_click();
          on_advert_edit_click();
          on_accept_click();
          on_reference_click();
          on_accept_all_click();
          $('.select-leaflet-href').chosen("destroy");
          $('.select-leaflet-href').chosen();
          $('.select-leaflet-href').on('change', function(){window.location = this.value;});
          lightbox();
          $('.copy-btn').on('click', copyBtnFallback)
          $('.swap-icon').on('click', swapIconListener)
          $(".a-mouseover").on('click', function(){
            $(this).next('.mouseover-popup-click').show()
            $(this).next('.mouseover-popup-joined-prod').show()
          })
          $(".close-popup").on('click', function(){
            $('.mouseover-popup-click').hide()
            $('.mouseover-popup-click-pict').hide()
          })
          $(".a-popover-pict").on('click', function(){
            var id = $(this).attr('pict-id')
            $('.mouseover-popup-click-pict-hover[pict-id="' + id + '"]').hide();
            $('.mouseover-popup-click-pict[pict-id="' + id + '"]').show();

          });
          $(".a-popover-pict").on('mouseover', function(){
            var id = $(this).attr('pict-id')
            $('.mouseover-popup-click-pict-hover[pict-id="' + id + '"]').show();
          });

          $(".a-popover-pict").on('mouseout', function(){
            var id = $(this).attr('pict-id')
            $('.mouseover-popup-click-pict-hover').hide();
          });
          $('[data-toggle="popover"]').popover({
             container: 'body', html: true
          });
          $('[data-toggle="popover-diff"]').popover({
             container: 'body', html: true
          });
          $("a[data-remote]").on("ajax:success", function (e, data, status, xhr) {
            console.log(data);
            if ( data.status == 'ok' ){
              toastr.success( data.message, 'Sukces')
              $(this).replaceWith("<i class='fa fa-check fa-fw'></i><b>Zaktualizowano</b>")
            } else if ( data.status != 'accepted_prices' )
              toastr.warning( data.message, 'Błąd')

          });
        }
      });
    } else {
      $('.select-leaflet-href').chosen("destroy");
      $('.select-leaflet-href').chosen();
      $('.select-leaflet-href').on('change', function(){window.location = this.value;});
    }
  })

  function toggleModuleLabel(module_id){
    var iboxes = $(`#module-${module_id} .ibox-content:visible`);
    iboxes = Array.from(iboxes)

    var target_class = 'badge-primary';
    if(iboxes.some(element => element.classList.contains('ibox-danger'))) {
      target_class = 'badge-danger';
    }
    else if(iboxes.some(element => element.classList.contains('ibox-default'))) {
      target_class = 'badge-default';
    }

    var badge = $('.badge[module_id=' + module_id + ']');
    badge.removeClass(['badge-danger', 'badge-default', 'badge-primary']);
    badge.addClass(target_class);
  }

  function reloadTabClick(id, swap=false, modal=false){
    module_placeholder = $('span#loading-module-' + id)
    if (modal){
      $('.ajax-body').html('<div class="row"><div class="col-lg-12" style="padding:35px;"><i class="fa fa-spinner fa-spin fa-2x fa-fw"></i></div></div>')
    }
    else
      $('#module-' + id).children('.panel-body').children('.col-md-12').html('<i class="fa fa-spinner fa-spin fa-2x fa-fw"></i>')
    $.ajax({
      url: "/page_modules/" + id + "/correction_product_ajax?correction_mode=true",
      data: {archived: false},
      cache: false,
      success: function(json){
        if (modal){
          $('.ajax-body').html('<div class="row"><div class="col-lg-12" style="padding:35px;">' + json + '</div></div>')
        }
        else{
          $('#module-' + id).children('.panel-body').children('.col-md-12').html(json);
          toggleModuleLabel(id);
        }

        $('[data-toggle="tooltip"]').tooltip({
           container: 'body'
        });

        // off old handlers
        $('.toggle_comments').off('click', toggle_comments);
        on_edit_click_off();
        on_advert_edit_off();
        on_accept_click_off();
        on_reference_click_off();
        on_accept_all_click_off();
        lightbox_off();
        $('.swap-icon').off('click', swapIconListener)
        $('.copy-btn').off('click', copyBtnFallback)
        $(".a-mouseover").off('click', function(){
          $(this).next('.mouseover-popup-click').show()
          $(this).next('.mouseover-popup-joined-prod').show()
        })
        $(".close-popup").off('click', function(){
          $('.mouseover-popup-click').hide()
          $('.mouseover-popup-click-pict').hide()
        })
        $('.a-popover').off();

        // on all handlers
        $('.toggle_comments').on('click', toggle_comments);
        on_edit_click();
        on_advert_edit_click();
        on_accept_click();
        on_reference_click();
        on_accept_all_click();
        lightbox();
        $('.copy-btn').on('click', copyBtnFallback)
        $('.swap-icon').on('click', swapIconListener)
        $(".a-mouseover").on('click', function(){
          $(this).next('.mouseover-popup-click').show()
          $(this).next('.mouseover-popup-joined-prod').show()
        })
        $(".close-popup").on('click', function(){
          $('.mouseover-popup-click').hide()
          $('.mouseover-popup-click-pict').hide()
        })
        $(".a-popover-pict").on('click', function(){
          var id = $(this).attr('pict-id')
          $('.mouseover-popup-click-pict-hover[pict-id="' + id + '"]').hide();
          $('.mouseover-popup-click-pict[pict-id="' + id + '"]').show();
        });
        $(".a-popover-pict").on('mouseover', function(){
          var id = $(this).attr('pict-id')
          $('.mouseover-popup-click-pict-hover[pict-id="' + id + '"]').show();
        });

        $(".a-popover-pict").on('mouseout', function(){
          var id = $(this).attr('pict-id')
          $('.mouseover-popup-click-pict-hover').hide();
        });
        $('[data-toggle="popover"]').popover({
           container: 'body', html: true
        });
        $('[data-toggle="popover"]').popover({
           container: 'body', html: true
        });
        $("a[data-remote]").on("ajax:success", function (e, data, status, xhr) {
          console.log(data);
          if ( data.status == 'ok' ){
            toastr.success( data.message, 'Sukces')
            $(this).replaceWith("<i class='fa fa-check fa-fw'></i><b>Zaktualizowano</b>")
          } else if ( data.status != 'accepted_prices' )
            toastr.warning( data.message, 'Błąd')

        });
        if (swap){
          $('.swap-view').off('click')
          $('.swap-view').on('click', function(){
            $('.view-2').toggle();
            $('.view-1').toggle();
            $('.product-images').not('.slick-initialized').slick({
              dots: true,
              autoplay: false,
              arrows: true,
              pauseOnDotsHover: true,
              lazyLoad: 'ondemand'
            });
          })
          $('.swap-view').click();
        }
      }
    });
  }

  $('a[aria-expanded=true]').trigger('click')

  function fallbackCopyTextToClipboard(text) {
    var textArea = document.createElement("textarea");
    textArea.value = text;
    
    // Avoid scrolling to bottom
    textArea.style.top = "0";
    textArea.style.left = "0";
    textArea.style.position = "fixed";

    document.body.appendChild(textArea);
    textArea.focus();
    textArea.select();

    try {
      var successful = document.execCommand('copy');
      var msg = successful ? 'successful' : 'unsuccessful';
      console.log('Fallback: Copying text command was ' + msg);
    } catch (err) {
      console.error('Fallback: Oops, unable to copy', err);
    }

    document.body.removeChild(textArea);
  }
  function copyBtnFallback(e){
    fallbackCopyTextToClipboard($(this).attr('copy-value'))
    console.log(this)
    toastr.success('', 'Skopiowano')
  }

  $(".a-mouseover").on('click', function(){
    $(this).next('.mouseover-popup-joined-prod').show()
    $(this).next('.mouseover-popup-click').show()
  })
  $(".close-popup").on('click', function(){
    $('.mouseover-popup-click').hide()
    $('.mouseover-popup-click-pict').hide()
  })
  $('.mouseover-popup-click').blur(function() {
    $('.mouseover-popup-click').hide()
  })

  $(".a-popover-pict").on('click', function(){
    var id = $(this).attr('pict-id')
    $('.mouseover-popup-click-pict-hover[pict-id="' + id + '"]').hide();
    $('.mouseover-popup-click-pict[pict-id="' + id + '"]').show();
  });

  $(".a-popover-pict").on('mouseover', function(){
    var id = $(this).attr('pict-id')
    $('.mouseover-popup-click-pict-hover[pict-id="' + id + '"]').show();
  });

  $(".a-popover-pict").on('mouseout', function(){
    var id = $(this).attr('pict-id')
    $('.mouseover-popup-click-pict-hover').hide();
  });

  // close on lost focus
  $(document).mouseup(function(e) 
  {
      var container = $('.mouseover-popup-click, .mouseover-popup-click-pict');

      // if the target of the click isn't the container nor a descendant of the container
      if (!container.is(e.target) && container.has(e.target).length === 0) 
      {
          container.hide();
      }
  });


  setInterval(function(){
    $.ajax({
      url: "/leaflets/1305/ajax_time_to_end_correction",
      cache: false,
      success: function(json){
        console.log(json)
        $("#text-timer").html(json.text)
      }
    })
  }, 1000*60)

</script>


</div>

<script>
  function toggle_comments(){
    var arrow = $(this).children('.arrow-toggle')
    if (arrow.hasClass('fa-angle-down')) {
      arrow.removeClass('fa-angle-down')
      arrow.addClass('fa-angle-up')
    } else {
      arrow.removeClass('fa-angle-up')
      arrow.addClass('fa-angle-down')
    }
    $(this).next('.comments').slideToggle('slow');
  }
  $('.toggle_comments').on('click', toggle_comments);

  function swapIconListener(){
    var element = $(this)
    var product_id = $(this).attr('product_id')
    var attr = $(this).attr('attr')
    $.post('/module_products/' + product_id + '/swap_correction_changes_field?attr=' + attr, function( data ) {
      if ( data.status == 'success' ){
        //toastr.success( data.message, 'Sukces') 
        if (data.swap){
          element.children('.swap1').hide()
          element.children('.swap2').show()
        } else {
          element.children('.swap2').hide()
          element.children('.swap1').show()
        }
        console.log(element.children('.swap2'))
      }
      else {
        toastr.warning( data.message, 'Błąd') }
    });
  }
  $('.swap-icon').on('click', swapIconListener)

  function unseenCommentChecker(){
    $('.unseen-comment').each(function(_, v){ 
      if ( $(v).visible(true) ) {
        $(v).removeClass('unseen-comment')
        $.post('/update_seen_comments?class_name=Comment&id=' + $(v).attr('comment_id'), function(data){
          console.log(data)
        })
      }
    });
  }

  setInterval(unseenCommentChecker, 1000, {});

  $('.toggle_visibility').on('click', function() {
    var n = $(this).attr('number');
    if ($(this).text() == ('pokaż ' + n.replace("-", " ")) )
      $(this).text('ukryj ' + n.replace("-", " ") )
    else
      $(this).text('pokaż ' + n.replace("-", " ") )
    $('.li-toggle[number=' + n + ']').toggle(); 
  })

  $('.select-leaflet-href').on('change', function(){window.location = this.value;});

  $('.chosen-select').chosen();

  $('#postfix_filter').on('change', function(){
    $('.select-leaflet-href option').removeAttr('disabled');
    $('#postfix_filter option:selected').each(function(_, v){
      $('.select-leaflet-href option[number=' + $(v).text() + ']').attr('disabled', true);

    })
    $('.select-leaflet-href').trigger('chosen:updated');
  });
</script>





            <!-- Footer -->
            <!-- <div class="footer">
    <div class="pull-right">
        help <i class="fa fa-at" aria-hidden="true"></i> app4ad.pl
    </div>
    <div>
        <strong>Copyright</strong> ABC4Brands Sp. z o.o. &copy; 2016
    </div>
</div>
 -->

          
        </div>
        <!-- End page wrapper-->

    </div>
    <!-- End wrapper-->

  

  

  <script>
    // repair chosen after modal shown
    $('.modal').on('shown.bs.modal', function () {
      $('.chosen').chosen('destroy');  
      $('.chosen').chosen();
    });

    // enable chosen
    $('.chosen').chosen()
    
    // enable bootstrap tooltip
    $('[data-toggle="tooltip"]').tooltip({
       container: 'body'
    });
    
    // repair chosen after window resize
    $( window ).resize(function() {
      $('.chosen').chosen('destroy');  
      $('.chosen').chosen();
    });

    // label for comment hide:
    $(document).ready(function() {
      $('label[for="comment_content"]').hide();


      const environments = [
        { hostname: 'localhost', environment: 'LOKALNE' },
        { hostname: '127.0.0.1', environment: 'LOKALNE' },
        { hostname: 'ceta.app4ad.lcbox.pl', environment: 'CETA' },
        { hostname: 'ceta2.app4ad.lcbox.pl', environment: 'CETA2' },
        { hostname: 'beta.app4ad.pl', environment: 'BETA' },
        { hostname: 'beta2.app4ad.lcbox.pl', environment: 'BETA2' }
      ];

      let currentHostname = window.location.hostname;
      let currentEnvironment = 'PRODUKCJA';

      for (let env of environments) {
        if (currentHostname.includes(env.hostname)) {
          currentEnvironment = env.environment;
          break;
        }
      }

      const infoBox = document.getElementById('environment-info-text');
      if (infoBox) {
        infoBox.textContent = currentEnvironment;
      }

      var current_client_name = "Prezentacja";
      if (current_client_name.length > 0) {
        document.title = current_client_name + ' - ' + document.title;
      }



    });

    function Counter(options) {
        var timer;
        var instance = this;
        var seconds = options.seconds || 10;
        var onUpdateStatus = options.onUpdateStatus || function() {};
        var onCounterEnd = options.onCounterEnd || function() {};
        var onCounterStart = options.onCounterStart || function() {};

        function decrementCounter() {
            onUpdateStatus(seconds);
            if (seconds === 0) {
                stopCounter();
                onCounterEnd();
                return;
            }
            seconds--;
        };

        function startCounter() {
            onCounterStart();
            clearInterval(timer);
            timer = 0;
            decrementCounter();
            timer = setInterval(decrementCounter, 1000);
        };

        function stopCounter() {
            clearInterval(timer);
        };

        return {
            start : function() {
                startCounter();
            },
            stop : function() {
                stopCounter();
            }
        }
    };

    var countdown = new Counter({
        // number of seconds to count down
        seconds: 30 * 60,

        // callback function for each second
        onUpdateStatus: function(second) {
          var minutes = parseInt(second / 60)
          var seconds = second - minutes*60
          $('#session-timer').text(minutes + 'min ' + seconds + 's')
        },
    });
    countdown.start();


  </script>
  <script>
toastr.options = {
            closeButton: true,
            debug: false,
            progressBar: true,
            positionClass: 'toast-top-right',
            onclick: null,
            showEasing: "swing",
            hideEasing: "linear",
            showMethod: "fadeIn",
            hideMethod: "fadeOut",
            closeDuration: 500
        };

</script>



<!-- The Gallery as lightbox dialog, should be a child element of the document body -->
<div id="blueimp-gallery" class="blueimp-gallery">
    <div class="slides"></div>
    <h3 class="title"></h3>
    <a class="prev">‹</a>
    <a class="next">›</a>
    <a class="close">×</a>
    <a class="play-pause"></a>
    <ol class="indicator"></ol>
</div>

</div><div class="modal fade" id="mod-report-errror-796310" tabindex="-1" role="dialog" aria-labelledby="myModalLabel">
  <div class="modal-dialog" role="document">
    <div class="modal-content">
      <div class="modal-header">
        <button type="button" class="close" data-dismiss="modal" aria-label="Close"><span aria-hidden="true">×</span></button>
        <h4 class="modal-title" id="myModalLabel">Zgłoś błąd</h4>
      </div>
      <div class="modal-body">

        <form role="form" class="new_comment" id="new_comment" enctype="multipart/form-data" action="/leaflets/1305/report_error" accept-charset="UTF-8" method="post"><input name="utf8" type="hidden" value="✓"><input type="hidden" name="authenticity_token" value="YrQQs21XDT0GWwuBHrd+Y90hegBeFaVrnke97drhUu+l66Ce/N1Ej/udMox44EX8ttu0GhOBx2EB6s3u6i3yuw==">

          <div class="form-group row"><label class="sr-only col-form-label col-sm-2" for="comment_content" style="display: none;">Content</label><div class="col-sm-12"><textarea placeholder="Opisz błąd..." class="form-control" name="comment[content]" id="comment_content"></textarea></div></div>
          <input value="796310" type="hidden" name="comment[target_id]" id="comment_target_id">
          <input value="2" type="hidden" name="comment[target_type]" id="comment_target_type">

          <input type="hidden" name="custom_redirect" id="input" class="form-control" value="/pages/106494/correction">
          
          <div class="form-group row"><label class="col-form-label col-sm-2" for="comment_attachment">Wybierz plik</label><div class="col-sm-12"><div class="custom-file"><input class="custom-file-input" type="file" name="comment[attachment]" id="comment_attachment"><label class="custom-file-label" for="comment_attachment">Wybierz plik</label></div></div></div>

          <div class="text-left">
            <input type="submit" name="commit" value="Prześlij zgłoszenie" class="btn btn-sm btn-primary m-t-n-xs" data-disable-with="Prześlij zgłoszenie">
          </div>

</form>
      </div>
      <div class="modal-footer">
        <button type="button" class="btn btn-default" data-dismiss="modal">Zamknij</button>
      </div>
    </div>
  </div>
</div><div class="modal inmodal custom-modal" id="edit_product_modal" tabindex="-1" role="dialog" aria-hidden="true" style="display: none;">
  <div class="modal-dialog modal-lg custom-max-width">
    <div class="modal-content animated bounceInDown" style="border-radius: 15px;">
      <div class="modal-header">
        <button type="button" class="close" data-dismiss="modal" style="margin-top: -15px; padding-bottom: 0px;">
          <span aria-hidden="true">×</span><span class="sr-only">Close</span>
        </button>
        <div class="custom-row">
          <div class="column-left" style="width: 33%;">
            <i class="fa fa-pencil modal-icon" style="margin-right: 15px;"></i>
            <div>
              <h4 class="modal-title">Popraw</h4>
              <small class="font-bold modal-attribute-name">Cena</small>
            </div>
          </div>
          <div class="column-right">
            <small class="font-bold">Zmiany zostaną zapisane w korekcie</small>
          </div>
        </div>
      </div>
      <div class="ajax-body" style="border-radius: 15px;"><div class="row"><div class="col-lg-12" style="padding:35px;"><style>
.popover{
  z-index: 99999999 !important;
}
.tooltip{
  z-index: 99999999999 !important;
}
.popover-content {
  word-break: break-all;
}

</style>



  <div class="row" product_id="1215118" product_type="main" module_id="796310" photos_count="2">
    <div class="col-lg-12 feed-activity-list" id="cluster_info"> <!-- feed-activity-list dotyczy komentarzy poniżej -->

          
        <div class="row">


          <div class="col-lg-3" style="padding-right: 0px; padding-left: 5px;">
  <div class="ibox" field="product" style="margin-bottom: 5px">
      <div class="ibox-title ibox-title-correction">
          <h5 class="m-b-md" style="">PRODUKT</h5>
      </div>
      <div class="ibox-content ibox-content-fixed-width ibox-danger" product_id="1215118">
        
                  <div class="buttons" field="product" style="position: absolute; right: 25px; top: 8px;">
        

            <div class="text-right" style="float: right; margin-left: 4px;">
            <span data-toggle="tooltip" title="" data-original-title="Zaakceptuj">
              <a class="hover-animate  " action="accept">
                <!--?xml version="1.0" encoding="UTF-8"?-->
    <svg xmlns="http://www.w3.org/2000/svg" id="Isolation_Mode" data-name="Isolation Mode" viewBox="0 0 24 24" width="512" height="512" style="width: 18px; height: 26px;">
    <path fill="#1ab394" d="M7.8,21.425A2.542,2.542,0,0,1,6,20.679L.439,15.121,2.561,13,7.8,18.239,21.439,4.6l2.122,2.121L9.6,20.679A2.542,2.542,0,0,1,7.8,21.425Z"></path></svg> 
              </a>
            </span>
            </div>&nbsp;

          <!-- popraw przy atrybutach nie-produktu -->

          &nbsp;
              <div class="text-right" style="float: right;">
                
  <div style="display: inline-block; padding-left: 5px;" data-toggle="tooltip" title="" data-original-title="Wymień produkt">
    <a class="" data-toggle="modal" data-target="#edit_product_modal" change-product="true" with-main-product="true" with-m2m-products="false" style="display: inline-flex;">
      <!--?xml version="1.0" encoding="UTF-8"?-->
      <svg xmlns="http://www.w3.org/2000/svg" id="Isolation_Mode" data-name="Isolation Mode" viewBox="0 0 24 24" width="512" height="512" style="width: 18px; height: 26px;">
      <path fill="#1ab394" d="M21,12a9.038,9.038,0,1,1-2.647-6.353L16,8h5.909A1.09,1.09,0,0,0,23,6.909V1L20.471,3.529A11.98,11.98,0,1,0,24,12Z"></path></svg>
      

    </a>
  </div>

    <div style="display: inline-block; padding-left: 5px;" data-toggle="tooltip" title="" data-original-title="Zmień na reklamę">
      <a class="" type="button" data-toggle="modal" data-target="#edit_product_modal" change-product="true" page-module-mode="true" page-module-field="advert" style="display: inline-flex;">
        <!--?xml version="1.0" encoding="UTF-8"?-->
      <svg xmlns="http://www.w3.org/2000/svg" viewBox="0 0 24 24" width="512" height="512" style="width: 18px; height: 26px;">
      <g id="_01_align_center" fill="#1ab394" data-name="01 align center"><path d="M18,6A6,6,0,0,0,6,6H0V21a3,3,0,0,0,3,3H14V22H3a1,1,0,0,1-1-1V8H6v2H8V8h8v2h2V8h4v6h2V6ZM8,6a4,4,0,0,1,8,0Z"></path><polygon points="21 16 19 16 19 19 16 19 16 21 19 21 19 24 21 24 21 21 24 21 24 19 21 19 21 16"></polygon></g></svg>
      
      </a>
    </div>

    <div style="display: inline-block; padding-left: 5px;" data-toggle="tooltip" title="" data-original-title="Dodaj produkty">
      <a class="" type="button" data-toggle="modal" data-target="#edit_product_modal" change-product="true" with-main-product="false" with-m2m-products="true" style="display: inline-flex;">
        <!--?xml version="1.0" encoding="UTF-8"?-->
      <svg xmlns="http://www.w3.org/2000/svg" id="Isolation_Mode" data-name="Isolation Mode" viewBox="0 0 24 24" width="512" height="512" style="width: 18px; height: 26px;">
      <polygon fill="#1ab394" points="24 10.5 13.5 10.5 13.5 0 10.5 0 10.5 10.5 0 10.5 0 13.5 10.5 13.5 10.5 24 13.5 24 13.5 13.5 24 13.5 24 10.5"></polygon></svg>
      
      </a>
    </div>
    <div style="display: inline-block; padding-left: 5px;" data-toggle="tooltip" title="" data-original-title="Usuń produkt">
      <a data-confirm="Jesteś pewien?" class="" rel="nofollow" data-method="delete" href="https://beta.app4ad.pl/module_products/1215118?custom_redirect=%2Fpages%2F106494%2Fcorrection%23module-796310">
          <!--?xml version="1.0" encoding="UTF-8"?-->
      <svg xmlns="http://www.w3.org/2000/svg" viewBox="0 0 24 24" width="512" height="512" style="width: 18px; height: 26px;">
      <g id="_01_align_center" fill="#ED5565" data-name="01 align center"><path d="M22,4H17V2a2,2,0,0,0-2-2H9A2,2,0,0,0,7,2V4H2V6H4V21a3,3,0,0,0,3,3H17a3,3,0,0,0,3-3V6h2ZM9,2h6V4H9Zm9,19a1,1,0,0,1-1,1H7a1,1,0,0,1-1-1V6H18Z"></path>
      <rect fill="#ED5565" x="9" y="10" width="2" height="8"></rect>
      <rect fill="#ED5565" x="13" y="10" width="2" height="8"></rect></g></svg>
      
</a>

    </div>


              </div>


      </div>


          <p>
              

            <i class="fa fa-bookmark-o fa-fw" aria-hidden="true" data-toggle="tooltip" title="" data-original-title="Index"></i>
            <br>

            <i class="fa fa-barcode fa-fw" aria-hidden="true" data-toggle="tooltip" title="" data-original-title="EAN"></i>
            22223002<br>


            <!-- <span class="m-b-md"><b>Producent</b>:</span> -->
            <i class="fa fa-tag fa-fw" aria-hidden="true" data-toggle="tooltip" title="" data-original-title="Producent"></i>
            <br>

            <i class="fa fa-cubes fa-fw" aria-hidden="true" data-toggle="tooltip" title="" data-original-title="Dział"></i>
            Żywność<br>
            
            <br>

          </p>
          <h3 class="m-b-md" style="margin: -10px 0px 0px 0px;">Produkty powiązane:</h3>
          <ol style="margin-left: -25px">
          </ol>

      </div>
  </div>
</div>

          <div class="col-lg-3" style="padding-right: 0px; padding-left: 5px;">
  <div class="ibox" field="photos" style="margin-bottom: 5px">
    <div class="ibox-title ibox-title-correction">
      <h5 class="m-b-md">ZDJĘCIA (1/1)</h5>
    </div>

    <div class="ibox-content ibox-content-fixed-width ibox-success" product_id="1215118">
      <div class="ibox" field="photos">
                <div class="buttons" field="photos" style="position: absolute; right: 25px; top: 8px;">
        


          <!-- popraw przy atrybutach nie-produktu -->
            <div class="text-right" style="float: right; margin-left: 4px;">
              <span data-toggle="tooltip" title="" data-original-title="Popraw">
                <a class="" type="button" data-toggle="modal" data-target="#edit_product_modal">
                  <!--?xml version="1.0" encoding="UTF-8"?-->
      <svg xmlns="http://www.w3.org/2000/svg" viewBox="0 0 24 24" width="512" height="512" style="width: 18px; height: 26px;">
      <g id="_01_align_center" data-name="01 align center">
      <path fill="#f8ac59" d="M22.94,1.06a3.626,3.626,0,0,0-5.124,0L0,18.876V24H5.124L22.94,6.184A3.627,3.627,0,0,0,22.94,1.06ZM4.3,22H2V19.7L15.31,6.4l2.3,2.3ZM21.526,4.77,19.019,7.277l-2.295-2.3L19.23,2.474a1.624,1.624,0,0,1,2.3,2.3Z"></path></g></svg>
      
                </a>
              </span>
            </div>


      </div>


            <i class="fa fa-check-circle fa-fw" aria-hidden="true" style="color: green"></i>
        <div class="row">
          <div class="col-sm-4" style="padding: 2px; white-space: nowrap; overflow: hidden; text-overflow: ellipsis;">
            <div class="product-imitation" style=" cursor: pointer; height: 25px; padding: 45px 0px; background-image: url('/uploads/photo/prezentacja/photo/thumb_22223002_2.png');" href="/uploads/photo/prezentacja/photo/22223002_2.png" data-toggle="lightbox" data-footer="22223002_2.png"> 

            </div>
            22223002_2
            
          </div>

        </div>
      </div>
    </div>
  </div>
</div>

          <div class="col-lg-3" style="padding-right: 0px; padding-left: 5px;">
  <div class="ibox" field="logo" style="margin-bottom: 5px">
    <div class="ibox-title ibox-title-correction">
      <h5 class="m-b-md">LOGOTYPY</h5>
    </div>
    <div class="ibox-content ibox-content-fixed-width ibox-danger" product_id="1215118">
                <div class="buttons" field="logo" style="position: absolute; right: 25px; top: 8px;">
        

            <div class="text-right" style="float: right; margin-left: 4px;">
            <span data-toggle="tooltip" title="" data-original-title="Zaakceptuj">
              <a class="hover-animate  " action="accept">
                <!--?xml version="1.0" encoding="UTF-8"?-->
    <svg xmlns="http://www.w3.org/2000/svg" id="Isolation_Mode" data-name="Isolation Mode" viewBox="0 0 24 24" width="512" height="512" style="width: 18px; height: 26px;">
    <path fill="#1ab394" d="M7.8,21.425A2.542,2.542,0,0,1,6,20.679L.439,15.121,2.561,13,7.8,18.239,21.439,4.6l2.122,2.121L9.6,20.679A2.542,2.542,0,0,1,7.8,21.425Z"></path></svg> 
              </a>
            </span>
            </div>&nbsp;

          <!-- popraw przy atrybutach nie-produktu -->
            <div class="text-right" style="float: right; margin-left: 4px;">
              <span data-toggle="tooltip" title="" data-original-title="Popraw">
                <a class="" type="button" data-toggle="modal" data-target="#edit_product_modal">
                  <!--?xml version="1.0" encoding="UTF-8"?-->
      <svg xmlns="http://www.w3.org/2000/svg" viewBox="0 0 24 24" width="512" height="512" style="width: 18px; height: 26px;">
      <g id="_01_align_center" data-name="01 align center">
      <path fill="#f8ac59" d="M22.94,1.06a3.626,3.626,0,0,0-5.124,0L0,18.876V24H5.124L22.94,6.184A3.627,3.627,0,0,0,22.94,1.06ZM4.3,22H2V19.7L15.31,6.4l2.3,2.3ZM21.526,4.77,19.019,7.277l-2.295-2.3L19.23,2.474a1.624,1.624,0,0,1,2.3,2.3Z"></path></g></svg>
      
                </a>
              </span>
            </div>


      </div>


            <span class="swap-icon" product_id="1215118" attr="logotypes" style="display: inline-block;">
              <i class="fa fa-minus-circle fa-fw swap1" aria-hidden="true" style="color: red; display:none"></i>
              <i class="fa fa-plus-circle fa-fw swap2" aria-hidden="true" style="color: orange; display:block"></i>
              <i class="fa fa-spinner fa-spin fa-fw" style="display: none"></i>
            </span>

          <div class="row" style="overflow-y: auto; max-height: 250px;">
              <div class="col-sm-4" style="padding: 2px;">
                <div class="product-imitation" style="padding: 45px 0px; background-image: url('/uploads/image/image/thumb_milka_logo-041648820143.png');">
                </div>
                  <div style="margin-bottom: 7px; white-space: nowrap; overflow: hidden; text-overflow: ellipsis;">
                    milka_logo

                        <a data-confirm="Czy na pewno chcesz usunąć logotyp/piktogram?" class="logo_pic_rm_ph" rel="nofollow" data-method="post" href="https://beta.app4ad.pl/page_modules/796310/remove_image_from?custom_redirect=%2Fpages%2F106494%2Fcorrection%23module-796310&amp;image_id=1838">
                          <!--?xml version="1.0" encoding="UTF-8"?-->
      <svg xmlns="http://www.w3.org/2000/svg" viewBox="0 0 24 24" width="512" height="512" style="width: 18px; height: 26px;">
      <g id="_01_align_center" fill="#ED5565" data-name="01 align center"><path d="M22,4H17V2a2,2,0,0,0-2-2H9A2,2,0,0,0,7,2V4H2V6H4V21a3,3,0,0,0,3,3H17a3,3,0,0,0,3-3V6h2ZM9,2h6V4H9Zm9,19a1,1,0,0,1-1,1H7a1,1,0,0,1-1-1V6H18Z"></path>
      <rect fill="#ED5565" x="9" y="10" width="2" height="8"></rect>
      <rect fill="#ED5565" x="13" y="10" width="2" height="8"></rect></g></svg>
      
</a>                  </div>
              </div>

          </div>
          

    </div>
  </div>
</div>

          <div class="col-lg-3" style="padding-right: 0px; padding-left: 5px;">
  <div class="ibox" field="pict" style="margin-bottom: 5px">
    <div class="ibox-title ibox-title-correction">
      <h5 class="m-b-md">PIKTOGRAMY</h5>
    </div>
    <div class="ibox-content ibox-content-fixed-width ibox-danger accept-no-change" product_id="1215118">
              <div class="buttons" field="pict" style="position: absolute; right: 25px; top: 8px;">
        

            <div class="text-right" style="float: right; margin-left: 4px;">
              <span data-toggle="tooltip" title="" data-original-title="Popraw">
                <a class="" type="button" data-toggle="modal" data-target="#edit_product_modal">
                  <!--?xml version="1.0" encoding="UTF-8"?-->
      <svg xmlns="http://www.w3.org/2000/svg" viewBox="0 0 24 24" width="512" height="512" style="width: 18px; height: 26px;">
      <g id="_01_align_center" data-name="01 align center">
      <path fill="#f8ac59" d="M22.94,1.06a3.626,3.626,0,0,0-5.124,0L0,18.876V24H5.124L22.94,6.184A3.627,3.627,0,0,0,22.94,1.06ZM4.3,22H2V19.7L15.31,6.4l2.3,2.3ZM21.526,4.77,19.019,7.277l-2.295-2.3L19.23,2.474a1.624,1.624,0,0,1,2.3,2.3Z"></path></g></svg>
      
                </a>
              </span>
            </div>

      </div>


          <span class="swap-icon" product_id="1215118" attr="pictograms" style="display: inline-block;">
            <i class="fa fa-minus-circle fa-fw swap1" aria-hidden="true" style="color: red; display:none"></i>
            <i class="fa fa-plus-circle fa-fw swap2" aria-hidden="true" style="color: orange; display:block"></i>
            <i class="fa fa-spinner fa-spin fa-fw" style="display: none"></i>
          </span>

        <div class="row" style="overflow-y: auto; max-height: 350px;">
            
            <div class="mouseover-popup-click-pict animated fadeInRight" pict-id="2096" style="padding: 0px; display: none;">
              <div class="ibox" style="margin-bottom: 0px;">
                <div class="ibox-title">
                  <h5 style="max-width: 200px; white-space: nowrap; overflow: hidden; text-overflow: ellipsis;">mechanizm_drugi_n_procent_taniej</h5>

                  <div class="ibox-tools" style="float: right;">
                    <span class="close-popup">
                      <i class="fa fa-times"></i>
                    </span>
                  </div>

                  <div class="ibox-content" style="padding: 0px;">
                    <div class="product-imitation" style="background-image: url('/uploads/image/image/thumb_mechanizm_drugi_n_procent_taniej-240819fa26.png'); background-size: contain; min-height: 300px; min-width: 300px;">

                    </div>
                      
                  </div>
                </div>
              </div>
            </div>

            <div class="mouseover-popup-click-pict-hover animated fadeInRight" pict-id="2096" style="padding: 0px; display: none;">
              <div class="ibox" style="margin-bottom: 0px;">
                <div class="ibox-title">
                  <h5 style="max-width: 200px; white-space: nowrap; overflow: hidden; text-overflow: ellipsis;">mechanizm_drugi_n_procent_taniej</h5>


                  <div class="ibox-content" style="padding: 0px;">
                    <div class="product-imitation" style="background-image: url('/uploads/image/image/thumb_mechanizm_drugi_n_procent_taniej-240819fa26.png'); background-size: contain; min-height: 300px; min-width: 300px;">

                    </div>
                      
                  </div>
                </div>
              </div>
            </div>

            <div class="col-sm-4" style="padding: 2px;">
              <a class="a-popover-pict" href="#!" pict-id="2096">

                <div class="product-imitation" style="padding: 45px 0px; background-image: url('/uploads/image/image/thumb_mechanizm_drugi_n_procent_taniej-240819fa26.png');">

                </div>
                </a><div style="margin-bottom: 7px;white-space: nowrap; overflow: hidden; text-overflow: ellipsis;"><a class="a-popover-pict" href="#!" pict-id="2096">
                  mechanizm_drugi_n_procent_taniej<br>

                      [ --- ]



                        </a><a data-confirm="Czy na pewno chcesz usunąć logotyp/piktogram?" class="logo_pic_rm_ph" rel="nofollow" data-method="post" href="https://beta.app4ad.pl/page_modules/796310/remove_image_from?custom_redirect=%2Fpages%2F106494%2Fcorrection%23module-796310&amp;image_id=2096">
                            <!--?xml version="1.0" encoding="UTF-8"?-->
      <svg xmlns="http://www.w3.org/2000/svg" viewBox="0 0 24 24" width="512" height="512" style="width: 18px; height: 26px;">
      <g id="_01_align_center" fill="#ED5565" data-name="01 align center"><path d="M22,4H17V2a2,2,0,0,0-2-2H9A2,2,0,0,0,7,2V4H2V6H4V21a3,3,0,0,0,3,3H17a3,3,0,0,0,3-3V6h2ZM9,2h6V4H9Zm9,19a1,1,0,0,1-1,1H7a1,1,0,0,1-1-1V6H18Z"></path>
      <rect fill="#ED5565" x="9" y="10" width="2" height="8"></rect>
      <rect fill="#ED5565" x="13" y="10" width="2" height="8"></rect></g></svg>
      
</a>                </div>

              

            </div>

            
            <div class="mouseover-popup-click-pict animated fadeInRight" pict-id="2097" style="padding: 0px; display: none;">
              <div class="ibox" style="margin-bottom: 0px;">
                <div class="ibox-title">
                  <h5 style="max-width: 200px; white-space: nowrap; overflow: hidden; text-overflow: ellipsis;">mechanizm_drugi_n_taniej</h5>

                  <div class="ibox-tools" style="float: right;">
                    <span class="close-popup">
                      <i class="fa fa-times"></i>
                    </span>
                  </div>

                  <div class="ibox-content" style="padding: 0px;">
                    <div class="product-imitation" style="background-image: url('/uploads/image/image/thumb_mechanizm_drugi_n_taniej-240819a8f3.png'); background-size: contain; min-height: 300px; min-width: 300px;">

                    </div>
                      dużo więcej miejsca
                  </div>
                </div>
              </div>
            </div>

            <div class="mouseover-popup-click-pict-hover animated fadeInRight" pict-id="2097" style="padding: 0px; display: none;">
              <div class="ibox" style="margin-bottom: 0px;">
                <div class="ibox-title">
                  <h5 style="max-width: 200px; white-space: nowrap; overflow: hidden; text-overflow: ellipsis;">mechanizm_drugi_n_taniej</h5>


                  <div class="ibox-content" style="padding: 0px;">
                    <div class="product-imitation" style="background-image: url('/uploads/image/image/thumb_mechanizm_drugi_n_taniej-240819a8f3.png'); background-size: contain; min-height: 300px; min-width: 300px;">

                    </div>
                      dużo więcej miejsca
                  </div>
                </div>
              </div>
            </div>

            <div class="col-sm-4" style="padding: 2px;">
              <a class="a-popover-pict" href="#!" pict-id="2097">

                <div class="product-imitation" style="padding: 45px 0px; background-image: url('/uploads/image/image/thumb_mechanizm_drugi_n_taniej-240819a8f3.png');">

                </div>
                </a><div style="margin-bottom: 7px;white-space: nowrap; overflow: hidden; text-overflow: ellipsis;"><a class="a-popover-pict" href="#!" pict-id="2097">
                  mechanizm_drugi_n_taniej<br>

                      [ dużo więcej miejsca ]



                        </a><a data-confirm="Czy na pewno chcesz usunąć logotyp/piktogram?" class="logo_pic_rm_ph" rel="nofollow" data-method="post" href="https://beta.app4ad.pl/page_modules/796310/remove_image_from?custom_redirect=%2Fpages%2F106494%2Fcorrection%23module-796310&amp;image_id=2097">
                            <!--?xml version="1.0" encoding="UTF-8"?-->
      <svg xmlns="http://www.w3.org/2000/svg" viewBox="0 0 24 24" width="512" height="512" style="width: 18px; height: 26px;">
      <g id="_01_align_center" fill="#ED5565" data-name="01 align center"><path d="M22,4H17V2a2,2,0,0,0-2-2H9A2,2,0,0,0,7,2V4H2V6H4V21a3,3,0,0,0,3,3H17a3,3,0,0,0,3-3V6h2ZM9,2h6V4H9Zm9,19a1,1,0,0,1-1,1H7a1,1,0,0,1-1-1V6H18Z"></path>
      <rect fill="#ED5565" x="9" y="10" width="2" height="8"></rect>
      <rect fill="#ED5565" x="13" y="10" width="2" height="8"></rect></g></svg>
      
</a>                </div>

              

            </div>

        </div>
        

    </div>
  </div>
</div>

          <div class="col-lg-3" style="padding-right: 0px; padding-left: 5px;">
            <div class="row">
              <div class="col-lg-12">
               
                

<!-- 

TO DO po kliknięciu kopiowanie, (w teks, oraz w ikone)
po najechaniu pokazanie zmian - jeżeli są

wywalamy ustawienie skondensowanych.
jezeli jest w huj tekstu przechodzi do nowej linii i pokazuje sie suwag

 -->
<div class="ibox" field="description" style="margin-bottom: 5px">
  <div class="ibox-title ibox-title-correction">
    <h5 class="m-b-md">DANE PRODUKTU</h5>
  </div>
  <div class="ibox-content ibox-content-fixed-width ibox-success" style="height: 145px; overflow-y: auto;" product_id="1215118">
            <div class="buttons" field="description" style="position: absolute; right: 25px; top: 8px;">
        


          <!-- popraw przy atrybutach nie-produktu -->
            <div class="text-right" style="float: right; margin-left: 4px;">
              <span data-toggle="tooltip" title="" data-original-title="Popraw">
                <a class="" type="button" data-toggle="modal" data-target="#edit_product_modal">
                  <!--?xml version="1.0" encoding="UTF-8"?-->
      <svg xmlns="http://www.w3.org/2000/svg" viewBox="0 0 24 24" width="512" height="512" style="width: 18px; height: 26px;">
      <g id="_01_align_center" data-name="01 align center">
      <path fill="#f8ac59" d="M22.94,1.06a3.626,3.626,0,0,0-5.124,0L0,18.876V24H5.124L22.94,6.184A3.627,3.627,0,0,0,22.94,1.06ZM4.3,22H2V19.7L15.31,6.4l2.3,2.3ZM21.526,4.77,19.019,7.277l-2.295-2.3L19.23,2.474a1.624,1.624,0,0,1,2.3,2.3Z"></path></g></svg>
      
                </a>
              </span>
            </div>


      </div>

    <p style="overflow: hidden;">
          
        <i class="fa fa-check-circle fa-fw" aria-hidden="true" style="color: green"></i>
      <a href="#!" class="btn btn-default btn-xs copy-btn" copy-value="Arbuz">
        <i class="fa fa-info fa-fw" aria-hidden="true" data-toggle="tooltip" title="" data-original-title="Nazwa"></i>
      </a>
      <a class="a-popover copy-btn false" href="#!" data-toggle="popover-diff" data-trigger="hover" data-placement="left" data-content="" copy-value="Arbuz">
        Arbuz
      </a>
      <br>

        <i class="fa fa-check-circle fa-fw" aria-hidden="true" style="color: green"></i>  

      <a href="#!" class="btn btn-default btn-xs copy-btn" copy-value="---"><i class="fa fa-align-left fa-fw" aria-hidden="true" data-toggle="tooltip" title="" data-original-title="Opis"></i></a>
      <a class="a-popover copy-btn false" href="#!" data-toggle="popover-diff" data-trigger="hover" data-placement="left" data-content="" copy-value="---">
        ---
      </a>
      <br>

          <i class="fa fa-check-circle fa-fw" aria-hidden="true" style="color: green"></i>
        <a href="#!" class="btn btn-default btn-xs copy-btn" copy-value=""><i class="fa fa-paperclip fa-fw" aria-hidden="true" data-toggle="tooltip" title="" data-original-title="Dodatkowe opcje opisu"></i></a>
        <a class="a-popover copy-btn false" href="#!" data-toggle="popover-diff" data-trigger="hover" data-placement="left" data-content="" copy-value="">
          
        </a>
        <br>



    </p>

  </div>
</div>


              </div>
                <div class="col-lg-12">
                  
                  <div class="ibox" field="weight" style="margin-bottom: 5px">
  <div class="ibox-title ibox-title-correction">
    <h5 class="m-b-md">GRAMATURA</h5>
  </div>
  <div class="ibox-content ibox-content-fixed-width ibox-danger accept-no-change" style="height: 111px; overflow-y: hidden;">
            <div class="buttons" field="weight" style="position: absolute; right: 25px; top: 8px;">
        

            <div class="text-right" style="float: right; margin-left: 4px;">
              <span data-toggle="tooltip" title="" data-original-title="Popraw">
                <a class="" type="button" data-toggle="modal" data-target="#edit_product_modal">
                  <!--?xml version="1.0" encoding="UTF-8"?-->
      <svg xmlns="http://www.w3.org/2000/svg" viewBox="0 0 24 24" width="512" height="512" style="width: 18px; height: 26px;">
      <g id="_01_align_center" data-name="01 align center">
      <path fill="#f8ac59" d="M22.94,1.06a3.626,3.626,0,0,0-5.124,0L0,18.876V24H5.124L22.94,6.184A3.627,3.627,0,0,0,22.94,1.06ZM4.3,22H2V19.7L15.31,6.4l2.3,2.3ZM21.526,4.77,19.019,7.277l-2.295-2.3L19.23,2.474a1.624,1.624,0,0,1,2.3,2.3Z"></path></g></svg>
      
                </a>
              </span>
            </div>

      </div>


      <span class="swap-icon" product_id="1215118" attr="weight" style="display: inline-block;"><i class="fa fa-minus-circle fa-fw swap1" aria-hidden="true" style="color: red; display:none"></i><i class="fa fa-plus-circle fa-fw swap2" aria-hidden="true" style="color: orange; display:block"></i><i class="fa fa-spinner fa-spin fa-fw" style="display: none"></i></span>

    <a href="#!" class="btn btn-default btn-xs" copy-value="">
      <i class="fa fa-balance-scale fa-fw" aria-hidden="true" data-toggle="tooltip" title="" data-original-title="Gramatura"></i>
    </a>


    <a class="a-popover false" href="#!" data-toggle="popover-diff" data-trigger="hover" data-placement="top" data-content="
">


    
      5 x 5 Od 4 
         do 10
        
        
        
        
        
      g

      </a>
    <br>
  </div>
</div>

                </div>
            </div>
          </div>

          <div class="col-lg-9" style="padding-right: 0px; padding-left: 5px;">
  <div class="ibox" field="price" style="margin-bottom: 5px">
    <div class="ibox-title ibox-title-correction">
      <h5 class="m-b-md">CENY</h5>
    </div>

    <div class="ibox-content ibox-content-fixed-width ibox-danger" style="padding: 5px 0px;height: 310px;" product_id="1215118">
              <div class="buttons" field="price" style="position: absolute; right: 25px; top: 8px;">
        

            <div class="text-right" style="float: right; margin-left: 4px;">
            <span data-toggle="tooltip" title="" data-original-title="Zaakceptuj">
              <a class="hover-animate  " action="accept">
                <!--?xml version="1.0" encoding="UTF-8"?-->
    <svg xmlns="http://www.w3.org/2000/svg" id="Isolation_Mode" data-name="Isolation Mode" viewBox="0 0 24 24" width="512" height="512" style="width: 18px; height: 26px;">
    <path fill="#1ab394" d="M7.8,21.425A2.542,2.542,0,0,1,6,20.679L.439,15.121,2.561,13,7.8,18.239,21.439,4.6l2.122,2.121L9.6,20.679A2.542,2.542,0,0,1,7.8,21.425Z"></path></svg> 
              </a>
            </span>
            </div>&nbsp;

          <!-- popraw przy atrybutach nie-produktu -->
            <div class="text-right" style="float: right; margin-left: 4px;">
              <span data-toggle="tooltip" title="" data-original-title="Popraw">
                <a class="" type="button" data-toggle="modal" data-target="#edit_product_modal">
                  <!--?xml version="1.0" encoding="UTF-8"?-->
      <svg xmlns="http://www.w3.org/2000/svg" viewBox="0 0 24 24" width="512" height="512" style="width: 18px; height: 26px;">
      <g id="_01_align_center" data-name="01 align center">
      <path fill="#f8ac59" d="M22.94,1.06a3.626,3.626,0,0,0-5.124,0L0,18.876V24H5.124L22.94,6.184A3.627,3.627,0,0,0,22.94,1.06ZM4.3,22H2V19.7L15.31,6.4l2.3,2.3ZM21.526,4.77,19.019,7.277l-2.295-2.3L19.23,2.474a1.624,1.624,0,0,1,2.3,2.3Z"></path></g></svg>
      
                </a>
              </span>
            </div>


      </div>

      <table class="table-striped table-borderless table-condensed" style="width: 100%;">

        <tbody><tr>
          <td style="width:15%">

          </td><td style="width:15%">
            <div class="false" style="display: inherit; white-space: nowrap; vertical-align: middle;">
              CENA 1 
              <a class="a-popover false" href="#!" data-toggle="popover-diff" data-trigger="hover" data-placement="top" data-content="">
                <span style="font-size: 18px; font-weight: normal;">11,11 zł</span>
              </a>
            </div>

              <div style="display: inherit; padding-left: 15px;    white-space: nowrap;">
                  Taniej do
                  <br>
                  <a class="a-popover false" href="#!" data-toggle="popover-diff" data-trigger="hover" data-placement="top" data-content="">
                    <span class="false" style="font-size: 18px; ">21%</span>
                  </a>
              </div>

              <div style="display: inherit; padding-left: 15px;    white-space: nowrap;">
                Oszczędzasz
                <br>
                <a class="a-popover false" href="#!" data-toggle="popover-diff" data-trigger="hover" data-placement="top" data-content="">
                  <span style="font-size: 18px; ">1,01 zł</span>
                </a>
              </div>

          </td><td style="width:15%">
            <div style="display: inherit;">
              CENA 2 
              <a class="a-popover false" href="#!" data-toggle="popover-diff" data-trigger="hover" data-placement="top" data-content="">
                <span class="false" style="font-size: 18px; font-weight: normal;">12,12 zł</span>
              </a>
            </div>
            
            </td><td style="width:15%">
              <div style="display: inherit;">
                CENA 3 
                <a class="a-popover false" href="#!" data-toggle="popover-diff" data-trigger="hover" data-placement="top" data-content="">
                  <span class="false" style="font-size: 18px; font-weight: normal;">13,13 zł</span>
                </a>
              </div>

            </td><td style="width:15%">
              <div style="display: inherit;">
                CENA 4 
                <a class="a-popover false" href="#!" data-toggle="popover-diff" data-trigger="hover" data-placement="top" data-content="">
                  <span class="false" style="font-size: 18px; font-weight: normal;">14,14 zł</span>
                </a>
              </div>


          </td></tr><tr>
            <td>5 x  <b>5 g</b>
              </td><td>
                <div style="display: inherit;">
                  <a class="a-popover false" href="#!" data-toggle="popover-diff" data-trigger="hover" data-placement="top" data-content="">
                    <span style="font-size: 18px;  font-weight: normal;">
                      44,44 
                      <sup>zł</sup>/<sub>100g</sub>
                    </span>
                  </a>
                    <br>
                    <a class="a-popover false" href="#!" data-toggle="popover-diff" data-trigger="hover" data-placement="top" data-content="">
                      <span style="font-size: 18px;  font-weight: normal;">
                        444,40 
                        <sup>zł</sup>/<sub>kg</sub>
                      </span>
                    </a>
                </div>
              </td>
              <td>
                <div style="display: inherit;">
                  <a class="a-popover false" href="#!" data-toggle="popover-diff" data-trigger="hover" data-placement="top" data-content="">
                    <span style="font-size: 18px;  font-weight: normal;">
                      48,48 
                      <sup>zł</sup>/<sub>100g</sub>
                    </span>
                  </a>
                    <br>
                    <a class="a-popover false" href="#!" data-toggle="popover-diff" data-trigger="hover" data-placement="top" data-content="">
                      <span style="font-size: 18px;  font-weight: normal;">
                        484,80 
                        <sup>zł</sup>/<sub>kg</sub>
                      </span>
                    </a>
                </div>
              </td>
              <td>
                <div style="display: inherit;">
                  <a class="a-popover false" href="#!" data-toggle="popover-diff" data-trigger="hover" data-placement="top" data-content="">
                    <span style="font-size: 18px;  font-weight: normal;">
                      52,52 
                      <sup>zł</sup>/<sub>100g</sub>
                    </span>
                  </a>
                    <br>
                    <a class="a-popover false" href="#!" data-toggle="popover-diff" data-trigger="hover" data-placement="top" data-content="">
                      <span style="font-size: 18px;  font-weight: normal;">
                        525,20 
                        <sup>zł</sup>/<sub>kg</sub>
                      </span>
                    </a>
                </div>
              </td>
              <td>
                <div style="display: inherit;">
                  <a class="a-popover false" href="#!" data-toggle="popover-diff" data-trigger="hover" data-placement="top" data-content="">
                    <span style="font-size: 18px;  font-weight: normal;">
                      56,56 
                      <sup>zł</sup>/<sub>100g</sub>
                    </span>
                  </a>
                    <br>
                    <a class="a-popover false" href="#!" data-toggle="popover-diff" data-trigger="hover" data-placement="top" data-content="">
                      <span style="font-size: 18px;  font-weight: normal;">
                        565,60 
                        <sup>zł</sup>/<sub>kg</sub>
                      </span>
                    </a>
                </div>
              </td>
          </tr>

          <tr>
            <td>5 x  <b>4 g</b>
              </td><td>
                <div class="false" style="display: inherit;">
                  <a class="a-popover false" href="#!" data-toggle="popover-diff" data-trigger="hover" data-placement="top" data-content="">
                    <span style="font-size: 18px;  font-weight: normal;">
                      55,55 
                      <sup>zł</sup>/<sub>100g</sub>
                    </span>
                  </a>
                    <br>
                    <a class="a-popover false" href="#!" data-toggle="popover-diff" data-trigger="hover" data-placement="top" data-content="">
                      <span style="font-size: 18px;  font-weight: normal;">
                        555,50 
                        <sup>zł</sup>/<sub>kg</sub>
                      </span>
                    </a>
                </div>
              </td>
              <td>
                <div class="false" style="display: inherit;">
                  <a class="a-popover false" href="#!" data-toggle="popover-diff" data-trigger="hover" data-placement="top" data-content="">
                    <span style="font-size: 18px;  font-weight: normal;">
                      60,60 
                      <sup>zł</sup>/<sub>100g</sub>
                    </span>
                  </a>
                    <br>
                    <a class="a-popover false" href="#!" data-toggle="popover-diff" data-trigger="hover" data-placement="top" data-content="">
                      <span style="font-size: 18px;  font-weight: normal;">
                        606,00 
                        <sup>zł</sup>/<sub>kg</sub>
                      </span>
                    </a>
                </div>
              </td>
              <td>
                <div class="false" style="display: inherit;">
                  <a class="a-popover false" href="#!" data-toggle="popover-diff" data-trigger="hover" data-placement="top" data-content="">
                    <span style="font-size: 18px;  font-weight: normal;">
                      65,65 
                      <sup>zł</sup>/<sub>100g</sub>
                    </span>
                  </a>
                    <br>
                    <a class="a-popover false" href="#!" data-toggle="popover-diff" data-trigger="hover" data-placement="top" data-content="">
                      <span style="font-size: 18px;  font-weight: normal;">
                        656,50 
                        <sup>zł</sup>/<sub>kg</sub>
                      </span>
                    </a>
                </div>
              </td>
              <td>
                <div class="false" style="display: inherit;">
                  <a class="a-popover false" href="#!" data-toggle="popover-diff" data-trigger="hover" data-placement="top" data-content="">
                    <span style="font-size: 18px;  font-weight: normal;">
                      70,70 
                      <sup>zł</sup>/<sub>100g</sub>
                    </span>
                  </a>
                    <br>
                    <a class="a-popover false" href="#!" data-toggle="popover-diff" data-trigger="hover" data-placement="top" data-content="">
                      <span style="font-size: 18px;  font-weight: normal;">
                        707,00 
                        <sup>zł</sup>/<sub>kg</sub>
                      </span>
                    </a>
                </div>
              </td>
          </tr>

          <tr>
            <td>5 x  <b>10 g</b>
              </td><td>
                <div class="false" style="display: inherit;">
                  <a class="a-popover false" href="#!" data-toggle="popover-diff" data-trigger="hover" data-placement="top" data-content="">
                    <span style="font-size: 18px;  font-weight: normal;">
                      22,22 
                      <sup>zł</sup>/<sub>100g</sub>
                    </span>
                  </a>
                    <br>
                    <a class="a-popover false" href="#!" data-toggle="popover-diff" data-trigger="hover" data-placement="top" data-content="">
                      <span style="font-size: 18px;  font-weight: normal;">
                        222,20 
                        <sup>zł</sup>/<sub>kg</sub>
                      </span>
                    </a>
                </div>
              </td>
              <td>
                <div class="false" style="display: inherit;">
                  <a class="a-popover false" href="#!" data-toggle="popover-diff" data-trigger="hover" data-placement="top" data-content="">
                    <span style="font-size: 18px;  font-weight: normal;">
                      24,24 
                      <sup>zł</sup>/<sub>100g</sub>
                    </span>
                  </a>
                    <br>
                    <a class="a-popover false" href="#!" data-toggle="popover-diff" data-trigger="hover" data-placement="top" data-content="">
                      <span style="font-size: 18px;  font-weight: normal;">
                        242,40 
                        <sup>zł</sup>/<sub>kg</sub>
                      </span>
                    </a>
                </div>
              </td>
              <td>
                <div class="false" style="display: inherit;">
                  <a class="a-popover false" href="#!" data-toggle="popover-diff" data-trigger="hover" data-placement="top" data-content="">
                    <span style="font-size: 18px;  font-weight: normal;">
                      26,26 
                      <sup>zł</sup>/<sub>100g</sub>
                    </span>
                  </a>
                    <br>
                    <a class="a-popover false" href="#!" data-toggle="popover-diff" data-trigger="hover" data-placement="top" data-content="">
                      <span style="font-size: 18px;  font-weight: normal;">
                        262,60 
                        <sup>zł</sup>/<sub>kg</sub>
                      </span>
                    </a>
                </div>
              </td>
              <td>
                <div class="false" style="display: inherit;">
                  <a class="a-popover false" href="#!" data-toggle="popover-diff" data-trigger="hover" data-placement="top" data-content="">
                    <span style="font-size: 18px;  font-weight: normal;">
                      28,28 
                      <sup>zł</sup>/<sub>100g</sub>
                    </span>
                  </a>
                    <br>
                    <a class="a-popover false" href="#!" data-toggle="popover-diff" data-trigger="hover" data-placement="top" data-content="">
                      <span style="font-size: 18px;  font-weight: normal;">
                        282,80 
                        <sup>zł</sup>/<sub>kg</sub>
                      </span>
                    </a>
                </div>
              </td>

          </tr><tr>
            <td><b>Cena za sztukę</b>
              </td><td>
                <div class="false" style="display: inherit;">
                  
                      <a class="a-popover false" href="#!" data-toggle="popover-diff" data-trigger="hover" data-placement="top" data-content="">
                        <span style="font-size: 18px;  font-weight: normal;">
                          2,22
                          <sup>zł</sup>/<sub>szt</sub>
                        </span>
                      </a>
                </div>
              </td>
              <td>
                <div class="false" style="display: inherit;">
                  
                      <a class="a-popover false" href="#!" data-toggle="popover-diff" data-trigger="hover" data-placement="top" data-content="">
                        <span style="font-size: 18px;  font-weight: normal;">
                          2,42
                          <sup>zł</sup>/<sub>szt</sub>
                        </span>
                      </a>
                </div>
              </td>
              <td>
                <div class="false" style="display: inherit;">
                  
                      <a class="a-popover false" href="#!" data-toggle="popover-diff" data-trigger="hover" data-placement="top" data-content="">
                        <span style="font-size: 18px;  font-weight: normal;">
                          2,63
                          <sup>zł</sup>/<sub>szt</sub>
                        </span>
                      </a>
                </div>
              </td>
              <td>
                <div class="false" style="display: inherit;">
                  
                      <a class="a-popover false" href="#!" data-toggle="popover-diff" data-trigger="hover" data-placement="top" data-content="">
                        <span style="font-size: 18px;  font-weight: normal;">
                          2,83
                          <sup>zł</sup>/<sub>szt</sub>
                        </span>
                      </a>
                </div>
              </td>
             

        </tr><tr>
          <td>
            <p>prices_description</p>
          </td>

          <td>
             <a class="a-popover false" href="#!" data-toggle="popover-diff" data-trigger="hover" data-placement="top" data-content="&lt;span&gt;&lt;/span&gt;">
              uwagi do pierwszej ceny
            </a>

          </td><td>

            </td><td>

            </td><td>

        </td></tr>

      </tbody></table>

      <p>
          <span class="swap-icon" product_id="1215118" attr="assortment_type" style="display: inline-block;"><i class="fa fa-minus-circle fa-fw swap1" aria-hidden="true" style="color: red; display:none"></i><i class="fa fa-plus-circle fa-fw swap2" aria-hidden="true" style="color: orange; display:block"></i><i class="fa fa-spinner fa-spin fa-fw" style="display: none"></i></span>
        RA / MT: 
        <a class="a-popover copy-btn false" href="#!" data-toggle="popover-diff" data-trigger="hover" data-placement="left" data-content="" copy-value="RA">
            RA

        </a>
        <br>
          <span class="swap-icon" product_id="1215118" attr="is_price_per_unit" style="display: inline-block;"><i class="fa fa-minus-circle fa-fw swap1" aria-hidden="true" style="color: red; display:none"></i><i class="fa fa-plus-circle fa-fw swap2" aria-hidden="true" style="color: orange; display:block"></i><i class="fa fa-spinner fa-spin fa-fw" style="display: none"></i></span>
        Jednostkowa: 
        <a class="a-popover copy-btn false" href="#!" data-toggle="popover-diff" data-trigger="hover" data-placement="left" data-content="" copy-value="true">
            Tak

        </a>
        <br>
          <span class="swap-icon" product_id="1215118" attr="is_price_with_extra" style="display: inline-block;"><i class="fa fa-minus-circle fa-fw swap1" aria-hidden="true" style="color: red; display:none"></i><i class="fa fa-plus-circle fa-fw swap2" aria-hidden="true" style="color: orange; display:block"></i><i class="fa fa-spinner fa-spin fa-fw" style="display: none"></i></span>
        Omnibus: 
        <a class="a-popover copy-btn false" href="#!" data-toggle="popover-diff" data-trigger="hover" data-placement="left" data-content="" copy-value="true">
            Tak

        </a>
        <br>
      </p>



    </div>
  </div>
</div>


        </div>
          <div class="row">
  <div class="col-md-12">
    <div class="row">
    <hr>
        <div class="col-md-12">
            <a class="btn btn-danger" href="#!" data-toggle="modal" data-target="#mod-report-errror-796310" style="margin-bottom: 10px; float: right !important;">
              <i class="fa fa-exclamation"></i> Zgłoś błąd
            </a>

            <a style="margin-right: 5px; margin-bottom: 10px; float: right !important;" data-toggle="tooltip" data-html="true" data-original-title="Zaktualizuj do bazy dane produktu oznaczone &lt;i class=&quot;fa fa-plus-circle&quot; style=&quot;color: orange;&quot;&gt;&lt;/i&gt;" class="btn btn-primary" rel="nofollow" data-method="post" href="https://beta.app4ad.pl/page_modules/796310/update_green_pipes?custom_redirect=%2Fpages%2F106494%2Fcorrection%23module-796310">
              <i class="fa fa-check"></i> Zaktualizuj dane
</a>
                <center>
                  <a class="btn btn-primary" action="accept_all" module_id="796310" style="margin-right: -100px;">
                    <i class="fa fa-check"></i> Zaakceptuj wszystkie (oprócz poprawianych)
                  </a>
                </center>
        </div>

    </div>
  </div>
</div>
  <div class="row">
    <div class="col-md-12">
      <div id="links" class="col-md-12 gallery">
        <a>
          
          <div class="product-imitation" id="blueimp_img" style="height: 250px; background-image: url('');">
            
              <i class="fa fa-ban fa-5x" aria-hidden="true"></i>
          </div>
        </a>
      </div>
    </div>
  </div>

<!-- Modal -->
<div class="modal fade" id="mod-report-errror-796310" tabindex="-1" role="dialog" aria-labelledby="myModalLabel">
  <div class="modal-dialog" role="document">
    <div class="modal-content">
      <div class="modal-header">
        <button type="button" class="close" data-dismiss="modal" aria-label="Close"><span aria-hidden="true">×</span></button>
        <h4 class="modal-title" id="myModalLabel">Zgłoś błąd</h4>
      </div>
      <div class="modal-body">

        <form role="form" class="new_comment" id="new_comment" enctype="multipart/form-data" action="/leaflets/1305/report_error" accept-charset="UTF-8" method="post"><input name="utf8" type="hidden" value="✓"><input type="hidden" name="authenticity_token" value="fKwJuzNJi3lP5BfgIZUAbcT12Zmtu9op4F6A7ToZqN6787mWosPCy7IiLu1Hwjvyrw8Xg+AvuCN/8/DuCtUIig==">

          <div class="form-group row"><label class="sr-only col-form-label col-sm-2" for="comment_content">Content</label><div class="col-sm-12"><textarea placeholder="Opisz błąd..." class="form-control" name="comment[content]" id="comment_content"></textarea></div></div>
          <input value="796310" type="hidden" name="comment[target_id]" id="comment_target_id">
          <input value="2" type="hidden" name="comment[target_type]" id="comment_target_type">

          <input type="hidden" name="custom_redirect" id="input" class="form-control" value="/pages/106494/correction">
          
          <div class="form-group row"><label class="col-form-label col-sm-2" for="comment_attachment">Wybierz plik</label><div class="col-sm-12"><div class="custom-file"><input class="custom-file-input" type="file" name="comment[attachment]" id="comment_attachment"><label class="custom-file-label" for="comment_attachment">Wybierz plik</label></div></div></div>

          <div class="text-left">
            <input type="submit" name="commit" value="Prześlij zgłoszenie" class="btn btn-sm btn-primary m-t-n-xs" data-disable-with="Prześlij zgłoszenie">
          </div>

</form>
      </div>
      <div class="modal-footer">
        <button type="button" class="btn btn-default" data-dismiss="modal">Zamknij</button>
      </div>
    </div>
  </div>
</div>

        <h2>Komentarze modułu:</h2>
            <div class="chat-form">
                <form role="form" class="new_comment" id="new_comment" action="/comments" accept-charset="UTF-8" method="post"><input name="utf8" type="hidden" value="✓"><input type="hidden" name="authenticity_token" value="Cvf09Tqz3yM3eraeEJwD26FbBq6Zm8gU4fmplX7NLYTNqETYqzmWkcq8j5N2yzhEyqHItNQPqh5+VNmWTgGN0A==">
	<div class="form-group row"><label class="sr-only col-form-label col-sm-2" for="comment_content">Content</label><div class="col-sm-12"><textarea placeholder="Wprowadź komentarz" style="height: 100px; max-width: 100%; min-height: 100px;" class="form-control" name="comment[content]" id="comment_content"></textarea></div></div>
	<input value="796310" type="hidden" name="comment[target_id]" id="comment_target_id">
	<input value="2" type="hidden" name="comment[target_type]" id="comment_target_type">

		<input type="hidden" name="custom_redirect" id="input" class="form-control" value="/pages/106494/correction#">




	<div class="text-left">
			  <input type="submit" name="commit" value="Zapisz komentarz do agencji" class="btn btn-sm btn-success m-t-n-xs" data-disable-with="Zapisz komentarz do agencji">
			  	<input type="submit" name="commit" value="Zapisz komentarz do marketingu" class="btn btn-sm m-t-n-xs btn-pink" data-disable-with="Zapisz komentarz do marketingu">

	</div>

</form>
<script>
	 $(function() {
    $('input[type=file]').change(function(){
      var t = $(this).val();
      var labelText = 'File : ' + t.substr(12, t.length);
      console.log(labelText)
      $('.comment-file').text(labelText);
    })
  });

	$(document).ready(function() {
		// upload file stuff:
	  	// $(":file").filestyle('placeholder', 'Brak pliku');
	  	$('label[for="comment_attachment"]').text("Wybierz plik");
	  	$('label[for="comment_attachment"].control-label').hide();
	});
</script>
	
              <hr>
            </div>

        <div class="col-md-12">
          <div class="feed-activity-list">
                <h3 class="toggle_comments">
                  <a href="#!">
                    Korekta 9 (21 komentarzy)
                  </a>
                  <i class="arrow-toggle fa fa-angle-down" aria-hidden="true"></i>

                </h3>

                <div class="comments" style="display: block">
                    <style>
.user-comment {
  background-color: #e2e9ff;
}
</style>

<div class="chat-element " comment_id="7098358" id="c7098358">
  <span class="pull-left">
      <i class="fa fa-user fa-2x"></i>
  </span>
  <div class="media-body">
    <small class="pull-right">mniej niż minutę temu</small>
    <strong>
      Rafał Daroch
    </strong>
     dodał(a) komentarz<br>
    <small class="text-muted">2024-08-22 12:44</small>
    <small class="text-muted">Dodane automatycznie</small>
    <div class="well " style="white-space: pre-wrap;">Nastąpiła zmiana danych dla produktu Arbuz / EAN:22223002 / Index:: <ul><li>"Jednostkowa" z: <span style="background-color: #f7c6c6;">false</span> na: <span style="background-color: #cae9ca;">true</span></li></ul>
</div>
  </div>
</div>


                    <style>
.user-comment {
  background-color: #e2e9ff;
}
</style>

<div class="chat-element " comment_id="7098357" id="c7098357">
  <span class="pull-left">
      <i class="fa fa-user fa-2x"></i>
  </span>
  <div class="media-body">
    <small class="pull-right">mniej niż minutę temu</small>
    <strong>
      Rafał Daroch
    </strong>
     dodał(a) komentarz<br>
    <small class="text-muted">2024-08-22 12:44</small>
    <small class="text-muted">Dodane automatycznie</small>
    <div class="well " style="white-space: pre-wrap;">Nastąpiła zmiana danych dla produktu Arbuz / EAN:22223002 / Index:: <ul><li>"Jednostkowa" z: <span style="background-color: #f7c6c6;">true</span> na: <span style="background-color: #cae9ca;">false</span></li></ul>
</div>
  </div>
</div>


                    <style>
.user-comment {
  background-color: #e2e9ff;
}
</style>

<div class="chat-element " comment_id="7097854" id="c7097854">
  <span class="pull-left">
      <i class="fa fa-user fa-2x"></i>
  </span>
  <div class="media-body">
    <small class="pull-right">3 dni temu</small>
    <strong>
      Rafał Daroch
    </strong>
     dodał(a) komentarz<br>
    <small class="text-muted">2024-08-19 17:27</small>
    <small class="text-muted">Dodane automatycznie</small>
    <div class="well " style="white-space: pre-wrap;">Dodano logotypy/piktogramy: 
</div>
  </div>
</div>


                    <style>
.user-comment {
  background-color: #e2e9ff;
}
</style>

<div class="chat-element " comment_id="7097853" id="c7097853">
  <span class="pull-left">
      <i class="fa fa-user fa-2x"></i>
  </span>
  <div class="media-body">
    <small class="pull-right">3 dni temu</small>
    <strong>
      Rafał Daroch
    </strong>
     dodał(a) komentarz<br>
    <small class="text-muted">2024-08-19 17:27</small>
    <small class="text-muted">Dodane automatycznie</small>
    <div class="well " style="white-space: pre-wrap;">Dodano piktogram(y): mechanizm_drugi_n_procent_taniej
</div>
  </div>
</div>


                    <style>
.user-comment {
  background-color: #e2e9ff;
}
</style>

<div class="chat-element " comment_id="7097852" id="c7097852">
  <span class="pull-left">
      <i class="fa fa-user fa-2x"></i>
  </span>
  <div class="media-body">
    <small class="pull-right">3 dni temu</small>
    <strong>
      Rafał Daroch
    </strong>
     dodał(a) komentarz<br>
    <small class="text-muted">2024-08-19 17:27</small>
    <small class="text-muted">Dodane automatycznie</small>
    <div class="well " style="white-space: pre-wrap;">Usunięto piktogram "procent" z modułu
</div>
  </div>
</div>


                    <style>
.user-comment {
  background-color: #e2e9ff;
}
</style>

<div class="chat-element " comment_id="7097851" id="c7097851">
  <span class="pull-left">
      <i class="fa fa-user fa-2x"></i>
  </span>
  <div class="media-body">
    <small class="pull-right">3 dni temu</small>
    <strong>
      Rafał Daroch
    </strong>
     dodał(a) komentarz<br>
    <small class="text-muted">2024-08-19 17:27</small>
    <small class="text-muted">Dodane automatycznie</small>
    <div class="well " style="white-space: pre-wrap;">Dodano piktogram(y): procent
</div>
  </div>
</div>


                    <style>
.user-comment {
  background-color: #e2e9ff;
}
</style>

<div class="chat-element " comment_id="7097850" id="c7097850">
  <span class="pull-left">
      <i class="fa fa-user fa-2x"></i>
  </span>
  <div class="media-body">
    <small class="pull-right">3 dni temu</small>
    <strong>
      Rafał Daroch
    </strong>
     dodał(a) komentarz<br>
    <small class="text-muted">2024-08-19 17:27</small>
    <small class="text-muted">Dodane automatycznie</small>
    <div class="well " style="white-space: pre-wrap;">Dodano logotypy/piktogramy: 
</div>
  </div>
</div>


                    <style>
.user-comment {
  background-color: #e2e9ff;
}
</style>

<div class="chat-element " comment_id="7097849" id="c7097849">
  <span class="pull-left">
      <i class="fa fa-user fa-2x"></i>
  </span>
  <div class="media-body">
    <small class="pull-right">3 dni temu</small>
    <strong>
      Rafał Daroch
    </strong>
     dodał(a) komentarz<br>
    <small class="text-muted">2024-08-19 17:27</small>
    <small class="text-muted">Dodane automatycznie</small>
    <div class="well " style="white-space: pre-wrap;">Dodano logotypy/piktogramy: 
</div>
  </div>
</div>


                    <style>
.user-comment {
  background-color: #e2e9ff;
}
</style>

<div class="chat-element " comment_id="7097848" id="c7097848">
  <span class="pull-left">
      <i class="fa fa-user fa-2x"></i>
  </span>
  <div class="media-body">
    <small class="pull-right">3 dni temu</small>
    <strong>
      Rafał Daroch
    </strong>
     dodał(a) komentarz<br>
    <small class="text-muted">2024-08-19 15:31</small>
    <small class="text-muted">Dodane automatycznie</small>
    <div class="well " style="white-space: pre-wrap;">Nastąpiła zmiana danych dla produktu Arbuz / EAN:22223002 / Index:: <ul><li>"Jednostka" z: <span style="background-color: #f7c6c6;">3</span> na: <span style="background-color: #cae9ca;">2</span></li></ul>
</div>
  </div>
</div>


                    <style>
.user-comment {
  background-color: #e2e9ff;
}
</style>

<div class="chat-element " comment_id="7097847" id="c7097847">
  <span class="pull-left">
      <i class="fa fa-user fa-2x"></i>
  </span>
  <div class="media-body">
    <small class="pull-right">3 dni temu</small>
    <strong>
      Rafał Daroch
    </strong>
     dodał(a) komentarz<br>
    <small class="text-muted">2024-08-19 15:31</small>
    <small class="text-muted">Dodane automatycznie</small>
    <div class="well " style="white-space: pre-wrap;">Nastąpiła zmiana danych dla produktu Arbuz / EAN:22223002 / Index:: <ul><li>"Jednostka" z: <span style="background-color: #f7c6c6;">2</span> na: <span style="background-color: #cae9ca;">3</span></li></ul>
</div>
  </div>
</div>


                    <style>
.user-comment {
  background-color: #e2e9ff;
}
</style>

<div class="chat-element " comment_id="7097846" id="c7097846">
  <span class="pull-left">
      <i class="fa fa-user fa-2x"></i>
  </span>
  <div class="media-body">
    <small class="pull-right">3 dni temu</small>
    <strong>
      Rafał Daroch
    </strong>
     dodał(a) komentarz<br>
    <small class="text-muted">2024-08-19 15:24</small>
    <small class="text-muted">Dodane automatycznie</small>
    <div class="well " style="white-space: pre-wrap;">Nastąpiła zmiana danych dla produktu Arbuz / EAN:22223002 / Index:: <ul><li>"RA / MT" z: <span style="background-color: #f7c6c6;">[brak]</span> na: <span style="background-color: #cae9ca;">RA</span></li></ul>
</div>
  </div>
</div>


                    <style>
.user-comment {
  background-color: #e2e9ff;
}
</style>

<div class="chat-element " comment_id="7097845" id="c7097845">
  <span class="pull-left">
      <i class="fa fa-user fa-2x"></i>
  </span>
  <div class="media-body">
    <small class="pull-right">3 dni temu</small>
    <strong>
      Rafał Daroch
    </strong>
     dodał(a) komentarz<br>
    <small class="text-muted">2024-08-19 15:23</small>
    <small class="text-muted">Dodane automatycznie</small>
    <div class="well " style="white-space: pre-wrap;">Nastąpiła zmiana danych dla produktu Arbuz / EAN:22223002 / Index:: <ul><li>"Ilość" z: <span style="background-color: #f7c6c6;">1</span> na: <span style="background-color: #cae9ca;">5</span></li></ul>
</div>
  </div>
</div>


                    <style>
.user-comment {
  background-color: #e2e9ff;
}
</style>

<div class="chat-element " comment_id="7097844" id="c7097844">
  <span class="pull-left">
      <i class="fa fa-user fa-2x"></i>
  </span>
  <div class="media-body">
    <small class="pull-right">3 dni temu</small>
    <strong>
      Rafał Daroch
    </strong>
     dodał(a) komentarz<br>
    <small class="text-muted">2024-08-19 15:23</small>
    <small class="text-muted">Dodane automatycznie</small>
    <div class="well " style="white-space: pre-wrap;">Nastąpiła zmiana danych dla produktu Arbuz / EAN:22223002 / Index:: <ul><li>"Ilość" z: <span style="background-color: #f7c6c6;">5</span> na: <span style="background-color: #cae9ca;">1</span></li></ul>
</div>
  </div>
</div>


                    <style>
.user-comment {
  background-color: #e2e9ff;
}
</style>

<div class="chat-element " comment_id="7097843" id="c7097843">
  <span class="pull-left">
      <i class="fa fa-user fa-2x"></i>
  </span>
  <div class="media-body">
    <small class="pull-right">3 dni temu</small>
    <strong>
      Rafał Daroch
    </strong>
     dodał(a) komentarz<br>
    <small class="text-muted">2024-08-19 15:21</small>
    <small class="text-muted">Dodane automatycznie</small>
    <div class="well " style="white-space: pre-wrap;">Nastąpiła zmiana danych dla produktu Arbuz / EAN:22223002 / Index:: <ul><li>"Ilość" z: <span style="background-color: #f7c6c6;">1</span> na: <span style="background-color: #cae9ca;">5</span></li></ul>
</div>
  </div>
</div>


                    <style>
.user-comment {
  background-color: #e2e9ff;
}
</style>

<div class="chat-element " comment_id="7097832" id="c7097832">
  <span class="pull-left">
      <i class="fa fa-user fa-2x"></i>
  </span>
  <div class="media-body">
    <small class="pull-right">3 dni temu</small>
    <strong>
      Rafał Daroch
    </strong>
     dodał(a) komentarz<br>
    <small class="text-muted">2024-08-19 14:18</small>
    <small class="text-muted">Dodane automatycznie</small>
    <div class="well " style="white-space: pre-wrap;">Dodano logotypy/piktogramy: mechanizm_drugi_n_taniej
</div>
  </div>
</div>


                    <style>
.user-comment {
  background-color: #e2e9ff;
}
</style>

<div class="chat-element " comment_id="7097831" id="c7097831">
  <span class="pull-left">
      <i class="fa fa-user fa-2x"></i>
  </span>
  <div class="media-body">
    <small class="pull-right">3 dni temu</small>
    <strong>
      Rafał Daroch
    </strong>
     dodał(a) komentarz<br>
    <small class="text-muted">2024-08-19 14:18</small>
    <small class="text-muted">Dodane automatycznie</small>
    <div class="well " style="white-space: pre-wrap;">Usunięto piktogram "procent" z modułu
</div>
  </div>
</div>


                    <style>
.user-comment {
  background-color: #e2e9ff;
}
</style>

<div class="chat-element " comment_id="7097830" id="c7097830">
  <span class="pull-left">
      <i class="fa fa-user fa-2x"></i>
  </span>
  <div class="media-body">
    <small class="pull-right">3 dni temu</small>
    <strong>
      Rafał Daroch
    </strong>
     dodał(a) komentarz<br>
    <small class="text-muted">2024-08-19 14:18</small>
    <small class="text-muted">Dodane automatycznie</small>
    <div class="well " style="white-space: pre-wrap;">Usunięto piktogram "codziennie_swieze" z modułu
</div>
  </div>
</div>


                    <style>
.user-comment {
  background-color: #e2e9ff;
}
</style>

<div class="chat-element " comment_id="7097829" id="c7097829">
  <span class="pull-left">
      <i class="fa fa-laptop fa-2x"></i>
  </span>
  <div class="media-body">
    <small class="pull-right">3 dni temu</small>
    <strong>
      System
    </strong>
     dodał(a) komentarz<br>
    <small class="text-muted">2024-08-19 12:34</small>
    <small class="text-muted">Dodane automatycznie</small>
    <div class="well " style="white-space: pre-wrap;">Nastąpiła zmiana danych dla produktu Arbuz / EAN:22223002 / Index:: <ul><li>"Ilość" z: <span style="background-color: #f7c6c6;">2</span> na: <span style="background-color: #cae9ca;">1</span></li></ul>
</div>
  </div>
</div>


                    <style>
.user-comment {
  background-color: #e2e9ff;
}
</style>

<div class="chat-element " comment_id="7097828" id="c7097828">
  <span class="pull-left">
      <i class="fa fa-laptop fa-2x"></i>
  </span>
  <div class="media-body">
    <small class="pull-right">3 dni temu</small>
    <strong>
      System
    </strong>
     dodał(a) komentarz<br>
    <small class="text-muted">2024-08-19 12:32</small>
    <small class="text-muted">Dodane automatycznie</small>
    <div class="well " style="white-space: pre-wrap;">Nastąpiła zmiana danych dla produktu Arbuz / EAN:22223002 / Index:: <ul><li>"Ilość" z: <span style="background-color: #f7c6c6;">5</span> na: <span style="background-color: #cae9ca;">2</span></li><li>"Gramatura-2" z: <span style="background-color: #f7c6c6;">5</span> na: <span style="background-color: #cae9ca;">4</span></li></ul>
</div>
  </div>
</div>


                    <style>
.user-comment {
  background-color: #e2e9ff;
}
</style>

<div class="chat-element " comment_id="7097827" id="c7097827">
  <span class="pull-left">
      <i class="fa fa-laptop fa-2x"></i>
  </span>
  <div class="media-body">
    <small class="pull-right">3 dni temu</small>
    <strong>
      System
    </strong>
     dodał(a) komentarz<br>
    <small class="text-muted">2024-08-19 12:31</small>
    <small class="text-muted">Dodane automatycznie</small>
    <div class="well " style="white-space: pre-wrap;">Nastąpiła zmiana danych dla produktu Arbuz / EAN:22223002 / Index:: <ul><li>"Ilość" z: <span style="background-color: #f7c6c6;">1</span> na: <span style="background-color: #cae9ca;">5</span></li><li>"Gramatura" z: <span style="background-color: #f7c6c6;">2</span> na: <span style="background-color: #cae9ca;">5</span></li><li>"Gramatura-3" z: <span style="background-color: #f7c6c6;">[brak]</span> na: <span style="background-color: #cae9ca;">10</span></li><li>"Gramatura-2" z: <span style="background-color: #f7c6c6;">3</span> na: <span style="background-color: #cae9ca;">5</span></li></ul>
</div>
  </div>
</div>


                    <style>
.user-comment {
  background-color: #e2e9ff;
}
</style>

<div class="chat-element " comment_id="7088534" id="c7088534">
  <span class="pull-left">
      <i class="fa fa-user fa-2x"></i>
  </span>
  <div class="media-body">
    <small class="pull-right">3 miesiące temu</small>
    <strong>
      Rafał Daroch
    </strong>
     dodał(a) komentarz<br>
    <small class="text-muted">2024-05-10 17:32</small>
    <small class="text-muted">Dodane automatycznie</small>
    <div class="well " style="white-space: pre-wrap;">Nastąpiła zmiana danych dla produktu Arbuz / EAN:22223002 / Index:: <ul><li>"Gramatura-2" z: <span style="background-color: #f7c6c6;">[brak]</span> na: <span style="background-color: #cae9ca;">3</span></li><li>"Jednostka" z: <span style="background-color: #f7c6c6;">1</span> na: <span style="background-color: #cae9ca;">2</span></li></ul>
</div>
  </div>
</div>


                </div>
                <h3 class="toggle_comments">
                  <a href="#!">
                    Korekta 8 (0 komentarzy)
                  </a>
                  <i class="arrow-toggle fa fa-angle-up" aria-hidden="true"></i>

                </h3>

                <div class="comments" style="display: none">
                </div>
                <h3 class="toggle_comments">
                  <a href="#!">
                    Korekta 7 (0 komentarzy)
                  </a>
                  <i class="arrow-toggle fa fa-angle-up" aria-hidden="true"></i>

                </h3>

                <div class="comments" style="display: none">
                </div>
                <h3 class="toggle_comments">
                  <a href="#!">
                    Korekta 6 (2 komentarze)
                  </a>
                  <i class="arrow-toggle fa fa-angle-up" aria-hidden="true"></i>

                </h3>

                <div class="comments" style="display: none">
                    <style>
.user-comment {
  background-color: #e2e9ff;
}
</style>

<div class="chat-element " comment_id="7088207" id="c7088207">
  <span class="pull-left">
      <i class="fa fa-user fa-2x"></i>
  </span>
  <div class="media-body">
    <small class="pull-right">3 miesiące temu</small>
    <strong>
      Rafał Daroch
    </strong>
     dodał(a) komentarz<br>
    <small class="text-muted">2024-05-10 17:17</small>
    <small class="text-muted">Dodane automatycznie</small>
    <div class="well " style="white-space: pre-wrap;">Nastąpiła zmiana danych dla produktu Arbuz / EAN:22223002 / Index:: <ul><li>"CENA 1" z: <span style="background-color: #f7c6c6;">11,00</span> zł na: <span style="background-color: #cae9ca;">11,11</span></li> zł<li>"CENA 2" z: <span style="background-color: #f7c6c6;">12,00</span> zł na: <span style="background-color: #cae9ca;">12,12</span></li> zł<li>"CENA 3" z: <span style="background-color: #f7c6c6;">13,00</span> zł na: <span style="background-color: #cae9ca;">13,13</span></li> zł<li>"CENA 4" z: <span style="background-color: #f7c6c6;">14,00</span> zł na: <span style="background-color: #cae9ca;">14,14</span></li> zł</ul>
</div>
  </div>
</div>


                    <style>
.user-comment {
  background-color: #e2e9ff;
}
</style>

<div class="chat-element " comment_id="7088206" id="c7088206">
  <span class="pull-left">
      <i class="fa fa-user fa-2x"></i>
  </span>
  <div class="media-body">
    <small class="pull-right">3 miesiące temu</small>
    <strong>
      Rafał Daroch
    </strong>
     dodał(a) komentarz<br>
    <small class="text-muted">2024-05-10 15:37</small>
    <small class="text-muted">Dodane automatycznie</small>
    <div class="well " style="white-space: pre-wrap;">Nastąpiła zmiana danych dla produktu Arbuz / EAN:22223002 / Index:: <ul><li>"CENA 1" z: <span style="background-color: #f7c6c6;">10,00</span> zł na: <span style="background-color: #cae9ca;">11,00</span></li> zł<li>"CENA 2" z: <span style="background-color: #f7c6c6;">11,00</span> zł na: <span style="background-color: #cae9ca;">12,00</span></li> zł<li>"CENA 3" z: <span style="background-color: #f7c6c6;">0,00</span> zł na: <span style="background-color: #cae9ca;">13,00</span></li> zł<li>"CENA 4" z: <span style="background-color: #f7c6c6;">0,00</span> zł na: <span style="background-color: #cae9ca;">14,00</span></li> zł<li>"UWAGI CENA 1" z: <span style="background-color: #f7c6c6;">[brak]</span> na: <span style="background-color: #cae9ca;">uwagi do pierwszej ceny</span></li></ul>
</div>
  </div>
</div>


                </div>
                <h3 class="toggle_comments">
                  <a href="#!">
                    Korekta 5 (0 komentarzy)
                  </a>
                  <i class="arrow-toggle fa fa-angle-up" aria-hidden="true"></i>

                </h3>

                <div class="comments" style="display: none">
                </div>
                <h3 class="toggle_comments">
                  <a href="#!">
                    Korekta 4 (0 komentarzy)
                  </a>
                  <i class="arrow-toggle fa fa-angle-up" aria-hidden="true"></i>

                </h3>

                <div class="comments" style="display: none">
                </div>
                <h3 class="toggle_comments">
                  <a href="#!">
                    Korekta 3 (0 komentarzy)
                  </a>
                  <i class="arrow-toggle fa fa-angle-up" aria-hidden="true"></i>

                </h3>

                <div class="comments" style="display: none">
                </div>
                <h3 class="toggle_comments">
                  <a href="#!">
                    Korekta 2 (3 komentarze<i class="fa fa-user fa-fw"></i>)
                  </a>
                  <i class="arrow-toggle fa fa-angle-up" aria-hidden="true"></i>

                </h3>

                <div class="comments" style="display: none">
                    <style>
.user-comment {
  background-color: #e2e9ff;
}
</style>

<div class="chat-element " comment_id="6945705" id="c6945705">
  <span class="pull-left">
      <i class="fa fa-user fa-2x"></i>
  </span>
  <div class="media-body">
    <small class="pull-right">6 miesięcy temu</small>
    <strong>
      Rafał Daroch
    </strong>
     dodał(a) komentarz<br>
    <small class="text-muted">2024-02-23 15:18</small>
    <small class="text-muted">Dodane przez użytkownika</small>
    <div class="well dedicated-comment" style="white-space: pre-wrap;">Komentarz do marketingu
</div>
  </div>
</div>


                    <style>
.user-comment {
  background-color: #e2e9ff;
}
</style>

<div class="chat-element " comment_id="6929691" id="c6929691">
  <span class="pull-left">
      <i class="fa fa-user fa-2x"></i>
  </span>
  <div class="media-body">
    <small class="pull-right">6 miesięcy temu</small>
    <strong>
      Rafał Daroch
    </strong>
     dodał(a) komentarz<br>
    <small class="text-muted">2024-02-22 10:57</small>
    <small class="text-muted">Dodane przez użytkownika</small>
    <div class="well user-comment" style="white-space: pre-wrap;">lklk;lk
</div>
  </div>
</div>


                    <style>
.user-comment {
  background-color: #e2e9ff;
}
</style>

<div class="chat-element " comment_id="6929685" id="c6929685">
  <span class="pull-left">
      <i class="fa fa-user fa-2x"></i>
  </span>
  <div class="media-body">
    <small class="pull-right">6 miesięcy temu</small>
    <strong>
      Rafał Daroch
    </strong>
     dodał(a) komentarz<br>
    <small class="text-muted">2024-02-22 10:52</small>
    <small class="text-muted">Dodane automatycznie</small>
    <div class="well " style="white-space: pre-wrap;">Dodano logotypy/piktogramy: milka_logo
</div>
  </div>
</div>


                </div>
                <h3 class="toggle_comments">
                  <a href="#!">
                    Korekta 1 (0 komentarzy)
                  </a>
                  <i class="arrow-toggle fa fa-angle-up" aria-hidden="true"></i>

                </h3>

                <div class="comments" style="display: none">
                </div>
                <h3 class="toggle_comments">
                  <a href="#!">
                    Korekta tylko marketing (0 komentarzy)
                  </a>
                  <i class="arrow-toggle fa fa-angle-up" aria-hidden="true"></i>

                </h3>

                <div class="comments" style="display: none">
                </div>
                <h3 class="toggle_comments">
                  <a href="#!">
                    Korekta 1 (5 komentarzy<i class="fa fa-user fa-fw"></i>)
                  </a>
                  <i class="arrow-toggle fa fa-angle-up" aria-hidden="true"></i>

                </h3>

                <div class="comments" style="display: none">
                    <style>
.user-comment {
  background-color: #e2e9ff;
}
</style>

<div class="chat-element " comment_id="6856845" id="c6856845">
  <span class="pull-left">
      <i class="fa fa-user fa-2x"></i>
  </span>
  <div class="media-body">
    <small class="pull-right">7 miesięcy temu</small>
    <strong>
      Prezentacja Kupiec
    </strong>
     dodał(a) komentarz<br>
    <small class="text-muted">2024-02-07 11:19</small>
    <small class="text-muted">Dodane przez użytkownika</small>
    <div class="well user-comment" style="white-space: pre-wrap;">Koment
</div>
  </div>
</div>


                    <style>
.user-comment {
  background-color: #e2e9ff;
}
</style>

<div class="chat-element " comment_id="6856843" id="c6856843">
  <span class="pull-left">
      <i class="fa fa-user fa-2x"></i>
  </span>
  <div class="media-body">
    <small class="pull-right">7 miesięcy temu</small>
    <strong>
      Prezentacja Kupiec
    </strong>
     dodał(a) komentarz<br>
    <small class="text-muted">2024-02-07 11:18</small>
    <small class="text-muted">Dodane automatycznie</small>
    <div class="well " style="white-space: pre-wrap;">Dodano logotypy/piktogramy: 
</div>
  </div>
</div>


                    <style>
.user-comment {
  background-color: #e2e9ff;
}
</style>

<div class="chat-element " comment_id="6856842" id="c6856842">
  <span class="pull-left">
      <i class="fa fa-user fa-2x"></i>
  </span>
  <div class="media-body">
    <small class="pull-right">7 miesięcy temu</small>
    <strong>
      Prezentacja Kupiec
    </strong>
     dodał(a) komentarz<br>
    <small class="text-muted">2024-02-07 11:18</small>
    <small class="text-muted">Dodane automatycznie</small>
    <div class="well " style="white-space: pre-wrap;">Nastąpiła zmiana danych dla produktu Arbuz / EAN:22223002 / Index:: <ul><li>"Cena Promocyjna" z: <span style="background-color: #f7c6c6;">0,00</span> zł na: <span style="background-color: #cae9ca;">10,00</span></li> zł<li>"Cena Regularna" z: <span style="background-color: #f7c6c6;">0,00</span> zł na: <span style="background-color: #cae9ca;">11,00</span></li> zł</ul>
</div>
  </div>
</div>


                    <style>
.user-comment {
  background-color: #e2e9ff;
}
</style>

<div class="chat-element " comment_id="6856841" id="c6856841">
  <span class="pull-left">
      <i class="fa fa-user fa-2x"></i>
  </span>
  <div class="media-body">
    <small class="pull-right">7 miesięcy temu</small>
    <strong>
      Prezentacja Kupiec
    </strong>
     dodał(a) komentarz<br>
    <small class="text-muted">2024-02-07 11:18</small>
    <small class="text-muted">Dodane automatycznie</small>
    <div class="well " style="white-space: pre-wrap;">Nastąpiła zmiana danych dla produktu Arbuz / EAN:22223002 / Index:: <ul><li>"Gramatura" z: <span style="background-color: #f7c6c6;">1</span> na: <span style="background-color: #cae9ca;">2</span></li></ul>
</div>
  </div>
</div>


                    <style>
.user-comment {
  background-color: #e2e9ff;
}
</style>

<div class="chat-element " comment_id="6856840" id="c6856840">
  <span class="pull-left">
      <i class="fa fa-user fa-2x"></i>
  </span>
  <div class="media-body">
    <small class="pull-right">7 miesięcy temu</small>
    <strong>
      Prezentacja Kupiec
    </strong>
     dodał(a) komentarz<br>
    <small class="text-muted">2024-02-07 11:16</small>
    <small class="text-muted">Dodane automatycznie</small>
    <div class="well " style="white-space: pre-wrap;">Zaakceptowano: produkt, dane produktu, zdjęcia, cena, logotyp, piktogram, Gramatura.
</div>
  </div>
</div>


                </div>
                <h3 class="toggle_comments">
                  <a href="#!">
                    Paginacja (3 komentarze)
                  </a>
                  <i class="arrow-toggle fa fa-angle-up" aria-hidden="true"></i>

                </h3>

                <div class="comments" style="display: none">
                    <style>
.user-comment {
  background-color: #e2e9ff;
}
</style>

<div class="chat-element " comment_id="6735121" id="c6735121">
  <span class="pull-left">
      <i class="fa fa-user fa-2x"></i>
  </span>
  <div class="media-body">
    <small class="pull-right">8 miesięcy temu</small>
    <strong>
      Tomek Frątczak
    </strong>
     dodał(a) komentarz<br>
    <small class="text-muted">2024-01-08 12:04</small>
    <small class="text-muted">Dodane automatycznie</small>
    <div class="well " style="white-space: pre-wrap;">Utworzono nowy moduł + Dodano produkt. Arbuz (ean: 22223002/ plu: )
</div>
  </div>
</div>


                    <style>
.user-comment {
  background-color: #e2e9ff;
}
</style>

<div class="chat-element " comment_id="6735119" id="c6735119">
  <span class="pull-left">
      <i class="fa fa-user fa-2x"></i>
  </span>
  <div class="media-body">
    <small class="pull-right">8 miesięcy temu</small>
    <strong>
      Tomek Frątczak
    </strong>
     dodał(a) komentarz<br>
    <small class="text-muted">2024-01-08 12:04</small>
    <small class="text-muted">Dodane automatycznie</small>
    <div class="well " style="white-space: pre-wrap;">Dodano proponowane logotypy/piktogramy
</div>
  </div>
</div>


                    <style>
.user-comment {
  background-color: #e2e9ff;
}
</style>

<div class="chat-element " comment_id="6735118" id="c6735118">
  <span class="pull-left">
      <i class="fa fa-user fa-2x"></i>
  </span>
  <div class="media-body">
    <small class="pull-right">8 miesięcy temu</small>
    <strong>
      Tomek Frątczak
    </strong>
     dodał(a) komentarz<br>
    <small class="text-muted">2024-01-08 12:04</small>
    <small class="text-muted">Dodane automatycznie</small>
    <div class="well " style="white-space: pre-wrap;">Dodano proponowane logotypy/piktogramy
</div>
  </div>
</div>


                </div>
              
          </div>
        </div>


    </div>
  </div>




<script>


  $(".delete-icon[data-remote]").on("ajax:success", function (e, data, status, xhr) {
    if ( data.status == 'success' ){
    }
    reloadTabClick(796310);
    reloadTabClick(796310);
  })


</script></div></div></div>
    </div>
  </div>
</div><div class="modal inmodal custom-modal" id="edit_advert_product_modal" tabindex="-1" role="dialog" aria-hidden="true" style="z-index: 2045 !important">
  <div class="modal-dialog modal-lg custom-max-width2" style="max-width: 2000px; width: 1550px;">
    <div class="modal-content animated bounceInDown" style="border-radius: 15px; max-width: 2000px;">
      <div class="modal-header">
        <button type="button" class="close" data-dismiss="modal" style="margin-top: -15px; padding-bottom: 0px;">
          <span aria-hidden="true">×</span><span class="sr-only">Close</span>
        </button>
        <div class="custom-row">
          <div class="column-left" style="width: 33%;">
            <i class="fa fa-pencil modal-icon" style="margin-right: 15px;"></i>
            <div>
              <h4 class="modal-title">Popraw</h4>
              <small class="font-bold modal-attribute-name">Cena</small>
            </div>
          </div>
          <div class="column-right">
            <small class="font-bold">Zmiany zostaną zapisane w korekcie</small>
          </div>
        </div>
      </div>
      <div class="ajax-body" style="border-radius: 15px;"><div class="row"><div class="col-lg-12" style="padding:35px;"><style>
.popover{
  z-index: 99999999 !important;
}
.tooltip{
  z-index: 99999999999 !important;
}
.popover-content {
  word-break: break-all;
}

</style>



  <div class="row" product_id="1215118" product_type="main" module_id="796310" photos_count="2">
    <div class="col-lg-12 feed-activity-list" id="cluster_info"> <!-- feed-activity-list dotyczy komentarzy poniżej -->

          
        <div class="row">


          <div class="col-lg-3" style="padding-right: 0px; padding-left: 5px;">
  <div class="ibox" field="product" style="margin-bottom: 5px">
      <div class="ibox-title ibox-title-correction">
          <h5 class="m-b-md" style="">PRODUKT</h5>
      </div>
      <div class="ibox-content ibox-content-fixed-width ibox-danger" product_id="1215118">
        
                  <div class="buttons" field="product" style="position: absolute; right: 25px; top: 8px;">
        

            <div class="text-right" style="float: right; margin-left: 4px;">
            <span data-toggle="tooltip" title="" data-original-title="Zaakceptuj">
              <a class="hover-animate  " action="accept">
                <!--?xml version="1.0" encoding="UTF-8"?-->
    <svg xmlns="http://www.w3.org/2000/svg" id="Isolation_Mode" data-name="Isolation Mode" viewBox="0 0 24 24" width="512" height="512" style="width: 18px; height: 26px;">
    <path fill="#1ab394" d="M7.8,21.425A2.542,2.542,0,0,1,6,20.679L.439,15.121,2.561,13,7.8,18.239,21.439,4.6l2.122,2.121L9.6,20.679A2.542,2.542,0,0,1,7.8,21.425Z"></path></svg> 
              </a>
            </span>
            </div>&nbsp;

          <!-- popraw przy atrybutach nie-produktu -->

          &nbsp;
              <div class="text-right" style="float: right;">
                
  <div style="display: inline-block; padding-left: 5px;" data-toggle="tooltip" title="" data-original-title="Wymień produkt">
    <a class="" data-toggle="modal" data-target="#edit_product_modal" change-product="true" with-main-product="true" with-m2m-products="false" style="display: inline-flex;">
      <!--?xml version="1.0" encoding="UTF-8"?-->
      <svg xmlns="http://www.w3.org/2000/svg" id="Isolation_Mode" data-name="Isolation Mode" viewBox="0 0 24 24" width="512" height="512" style="width: 18px; height: 26px;">
      <path fill="#1ab394" d="M21,12a9.038,9.038,0,1,1-2.647-6.353L16,8h5.909A1.09,1.09,0,0,0,23,6.909V1L20.471,3.529A11.98,11.98,0,1,0,24,12Z"></path></svg>
      

    </a>
  </div>

    <div style="display: inline-block; padding-left: 5px;" data-toggle="tooltip" title="" data-original-title="Zmień na reklamę">
      <a class="" type="button" data-toggle="modal" data-target="#edit_product_modal" change-product="true" page-module-mode="true" page-module-field="advert" style="display: inline-flex;">
        <!--?xml version="1.0" encoding="UTF-8"?-->
      <svg xmlns="http://www.w3.org/2000/svg" viewBox="0 0 24 24" width="512" height="512" style="width: 18px; height: 26px;">
      <g id="_01_align_center" fill="#1ab394" data-name="01 align center"><path d="M18,6A6,6,0,0,0,6,6H0V21a3,3,0,0,0,3,3H14V22H3a1,1,0,0,1-1-1V8H6v2H8V8h8v2h2V8h4v6h2V6ZM8,6a4,4,0,0,1,8,0Z"></path><polygon points="21 16 19 16 19 19 16 19 16 21 19 21 19 24 21 24 21 21 24 21 24 19 21 19 21 16"></polygon></g></svg>
      
      </a>
    </div>

    <div style="display: inline-block; padding-left: 5px;" data-toggle="tooltip" title="" data-original-title="Dodaj produkty">
      <a class="" type="button" data-toggle="modal" data-target="#edit_product_modal" change-product="true" with-main-product="false" with-m2m-products="true" style="display: inline-flex;">
        <!--?xml version="1.0" encoding="UTF-8"?-->
      <svg xmlns="http://www.w3.org/2000/svg" id="Isolation_Mode" data-name="Isolation Mode" viewBox="0 0 24 24" width="512" height="512" style="width: 18px; height: 26px;">
      <polygon fill="#1ab394" points="24 10.5 13.5 10.5 13.5 0 10.5 0 10.5 10.5 0 10.5 0 13.5 10.5 13.5 10.5 24 13.5 24 13.5 13.5 24 13.5 24 10.5"></polygon></svg>
      
      </a>
    </div>
    <div style="display: inline-block; padding-left: 5px;" data-toggle="tooltip" title="" data-original-title="Usuń produkt">
      <a data-confirm="Jesteś pewien?" class="" rel="nofollow" data-method="delete" href="https://beta.app4ad.pl/module_products/1215118?custom_redirect=%2Fpages%2F106494%2Fcorrection%23module-796310">
          <!--?xml version="1.0" encoding="UTF-8"?-->
      <svg xmlns="http://www.w3.org/2000/svg" viewBox="0 0 24 24" width="512" height="512" style="width: 18px; height: 26px;">
      <g id="_01_align_center" fill="#ED5565" data-name="01 align center"><path d="M22,4H17V2a2,2,0,0,0-2-2H9A2,2,0,0,0,7,2V4H2V6H4V21a3,3,0,0,0,3,3H17a3,3,0,0,0,3-3V6h2ZM9,2h6V4H9Zm9,19a1,1,0,0,1-1,1H7a1,1,0,0,1-1-1V6H18Z"></path>
      <rect fill="#ED5565" x="9" y="10" width="2" height="8"></rect>
      <rect fill="#ED5565" x="13" y="10" width="2" height="8"></rect></g></svg>
      
</a>

    </div>


              </div>


      </div>


          <p>
              

            <i class="fa fa-bookmark-o fa-fw" aria-hidden="true" data-toggle="tooltip" title="" data-original-title="Index"></i>
            <br>

            <i class="fa fa-barcode fa-fw" aria-hidden="true" data-toggle="tooltip" title="" data-original-title="EAN"></i>
            22223002<br>


            <!-- <span class="m-b-md"><b>Producent</b>:</span> -->
            <i class="fa fa-tag fa-fw" aria-hidden="true" data-toggle="tooltip" title="" data-original-title="Producent"></i>
            <br>

            <i class="fa fa-cubes fa-fw" aria-hidden="true" data-toggle="tooltip" title="" data-original-title="Dział"></i>
            Żywność<br>
            
            <br>

          </p>
          <h3 class="m-b-md" style="margin: -10px 0px 0px 0px;">Produkty powiązane:</h3>
          <ol style="margin-left: -25px">
          </ol>

      </div>
  </div>
</div>

          <div class="col-lg-3" style="padding-right: 0px; padding-left: 5px;">
  <div class="ibox" field="photos" style="margin-bottom: 5px">
    <div class="ibox-title ibox-title-correction">
      <h5 class="m-b-md">ZDJĘCIA (1/1)</h5>
    </div>

    <div class="ibox-content ibox-content-fixed-width ibox-success" product_id="1215118">
      <div class="ibox" field="photos">
                <div class="buttons" field="photos" style="position: absolute; right: 25px; top: 8px;">
        


          <!-- popraw przy atrybutach nie-produktu -->
            <div class="text-right" style="float: right; margin-left: 4px;">
              <span data-toggle="tooltip" title="" data-original-title="Popraw">
                <a class="" type="button" data-toggle="modal" data-target="#edit_product_modal">
                  <!--?xml version="1.0" encoding="UTF-8"?-->
      <svg xmlns="http://www.w3.org/2000/svg" viewBox="0 0 24 24" width="512" height="512" style="width: 18px; height: 26px;">
      <g id="_01_align_center" data-name="01 align center">
      <path fill="#f8ac59" d="M22.94,1.06a3.626,3.626,0,0,0-5.124,0L0,18.876V24H5.124L22.94,6.184A3.627,3.627,0,0,0,22.94,1.06ZM4.3,22H2V19.7L15.31,6.4l2.3,2.3ZM21.526,4.77,19.019,7.277l-2.295-2.3L19.23,2.474a1.624,1.624,0,0,1,2.3,2.3Z"></path></g></svg>
      
                </a>
              </span>
            </div>


      </div>


            <i class="fa fa-check-circle fa-fw" aria-hidden="true" style="color: green"></i>
        <div class="row">
          <div class="col-sm-4" style="padding: 2px; white-space: nowrap; overflow: hidden; text-overflow: ellipsis;">
            <div class="product-imitation" style=" cursor: pointer; height: 25px; padding: 45px 0px; background-image: url('/uploads/photo/prezentacja/photo/thumb_22223002_2.png');" href="/uploads/photo/prezentacja/photo/22223002_2.png" data-toggle="lightbox" data-footer="22223002_2.png"> 

            </div>
            22223002_2
            
          </div>

        </div>
      </div>
    </div>
  </div>
</div>

          <div class="col-lg-3" style="padding-right: 0px; padding-left: 5px;">
  <div class="ibox" field="logo" style="margin-bottom: 5px">
    <div class="ibox-title ibox-title-correction">
      <h5 class="m-b-md">LOGOTYPY</h5>
    </div>
    <div class="ibox-content ibox-content-fixed-width ibox-danger" product_id="1215118">
                <div class="buttons" field="logo" style="position: absolute; right: 25px; top: 8px;">
        

            <div class="text-right" style="float: right; margin-left: 4px;">
            <span data-toggle="tooltip" title="" data-original-title="Zaakceptuj">
              <a class="hover-animate  " action="accept">
                <!--?xml version="1.0" encoding="UTF-8"?-->
    <svg xmlns="http://www.w3.org/2000/svg" id="Isolation_Mode" data-name="Isolation Mode" viewBox="0 0 24 24" width="512" height="512" style="width: 18px; height: 26px;">
    <path fill="#1ab394" d="M7.8,21.425A2.542,2.542,0,0,1,6,20.679L.439,15.121,2.561,13,7.8,18.239,21.439,4.6l2.122,2.121L9.6,20.679A2.542,2.542,0,0,1,7.8,21.425Z"></path></svg> 
              </a>
            </span>
            </div>&nbsp;

          <!-- popraw przy atrybutach nie-produktu -->
            <div class="text-right" style="float: right; margin-left: 4px;">
              <span data-toggle="tooltip" title="" data-original-title="Popraw">
                <a class="" type="button" data-toggle="modal" data-target="#edit_product_modal">
                  <!--?xml version="1.0" encoding="UTF-8"?-->
      <svg xmlns="http://www.w3.org/2000/svg" viewBox="0 0 24 24" width="512" height="512" style="width: 18px; height: 26px;">
      <g id="_01_align_center" data-name="01 align center">
      <path fill="#f8ac59" d="M22.94,1.06a3.626,3.626,0,0,0-5.124,0L0,18.876V24H5.124L22.94,6.184A3.627,3.627,0,0,0,22.94,1.06ZM4.3,22H2V19.7L15.31,6.4l2.3,2.3ZM21.526,4.77,19.019,7.277l-2.295-2.3L19.23,2.474a1.624,1.624,0,0,1,2.3,2.3Z"></path></g></svg>
      
                </a>
              </span>
            </div>


      </div>


            <span class="swap-icon" product_id="1215118" attr="logotypes" style="display: inline-block;">
              <i class="fa fa-minus-circle fa-fw swap1" aria-hidden="true" style="color: red; display:none"></i>
              <i class="fa fa-plus-circle fa-fw swap2" aria-hidden="true" style="color: orange; display:block"></i>
              <i class="fa fa-spinner fa-spin fa-fw" style="display: none"></i>
            </span>

          <div class="row" style="overflow-y: auto; max-height: 250px;">
              <div class="col-sm-4" style="padding: 2px;">
                <div class="product-imitation" style="padding: 45px 0px; background-image: url('/uploads/image/image/thumb_milka_logo-041648820143.png');">
                </div>
                  <div style="margin-bottom: 7px; white-space: nowrap; overflow: hidden; text-overflow: ellipsis;">
                    milka_logo

                        <a data-confirm="Czy na pewno chcesz usunąć logotyp/piktogram?" class="logo_pic_rm_ph" rel="nofollow" data-method="post" href="https://beta.app4ad.pl/page_modules/796310/remove_image_from?custom_redirect=%2Fpages%2F106494%2Fcorrection%23module-796310&amp;image_id=1838">
                          <!--?xml version="1.0" encoding="UTF-8"?-->
      <svg xmlns="http://www.w3.org/2000/svg" viewBox="0 0 24 24" width="512" height="512" style="width: 18px; height: 26px;">
      <g id="_01_align_center" fill="#ED5565" data-name="01 align center"><path d="M22,4H17V2a2,2,0,0,0-2-2H9A2,2,0,0,0,7,2V4H2V6H4V21a3,3,0,0,0,3,3H17a3,3,0,0,0,3-3V6h2ZM9,2h6V4H9Zm9,19a1,1,0,0,1-1,1H7a1,1,0,0,1-1-1V6H18Z"></path>
      <rect fill="#ED5565" x="9" y="10" width="2" height="8"></rect>
      <rect fill="#ED5565" x="13" y="10" width="2" height="8"></rect></g></svg>
      
</a>                  </div>
              </div>

          </div>
          

    </div>
  </div>
</div>

          <div class="col-lg-3" style="padding-right: 0px; padding-left: 5px;">
  <div class="ibox" field="pict" style="margin-bottom: 5px">
    <div class="ibox-title ibox-title-correction">
      <h5 class="m-b-md">PIKTOGRAMY</h5>
    </div>
    <div class="ibox-content ibox-content-fixed-width ibox-danger accept-no-change" product_id="1215118">
              <div class="buttons" field="pict" style="position: absolute; right: 25px; top: 8px;">
        

            <div class="text-right" style="float: right; margin-left: 4px;">
              <span data-toggle="tooltip" title="" data-original-title="Popraw">
                <a class="" type="button" data-toggle="modal" data-target="#edit_product_modal">
                  <!--?xml version="1.0" encoding="UTF-8"?-->
      <svg xmlns="http://www.w3.org/2000/svg" viewBox="0 0 24 24" width="512" height="512" style="width: 18px; height: 26px;">
      <g id="_01_align_center" data-name="01 align center">
      <path fill="#f8ac59" d="M22.94,1.06a3.626,3.626,0,0,0-5.124,0L0,18.876V24H5.124L22.94,6.184A3.627,3.627,0,0,0,22.94,1.06ZM4.3,22H2V19.7L15.31,6.4l2.3,2.3ZM21.526,4.77,19.019,7.277l-2.295-2.3L19.23,2.474a1.624,1.624,0,0,1,2.3,2.3Z"></path></g></svg>
      
                </a>
              </span>
            </div>

      </div>


          <span class="swap-icon" product_id="1215118" attr="pictograms" style="display: inline-block;">
            <i class="fa fa-minus-circle fa-fw swap1" aria-hidden="true" style="color: red; display:none"></i>
            <i class="fa fa-plus-circle fa-fw swap2" aria-hidden="true" style="color: orange; display:block"></i>
            <i class="fa fa-spinner fa-spin fa-fw" style="display: none"></i>
          </span>

        <div class="row" style="overflow-y: auto; max-height: 350px;">
            
            <div class="mouseover-popup-click-pict animated fadeInRight" pict-id="2096" style="padding: 0px; display: none;">
              <div class="ibox" style="margin-bottom: 0px;">
                <div class="ibox-title">
                  <h5 style="max-width: 200px; white-space: nowrap; overflow: hidden; text-overflow: ellipsis;">mechanizm_drugi_n_procent_taniej</h5>

                  <div class="ibox-tools" style="float: right;">
                    <span class="close-popup">
                      <i class="fa fa-times"></i>
                    </span>
                  </div>

                  <div class="ibox-content" style="padding: 0px;">
                    <div class="product-imitation" style="background-image: url('/uploads/image/image/thumb_mechanizm_drugi_n_procent_taniej-240819fa26.png'); background-size: contain; min-height: 300px; min-width: 300px;">

                    </div>
                      
                  </div>
                </div>
              </div>
            </div>

            <div class="mouseover-popup-click-pict-hover animated fadeInRight" pict-id="2096" style="padding: 0px; display: none;">
              <div class="ibox" style="margin-bottom: 0px;">
                <div class="ibox-title">
                  <h5 style="max-width: 200px; white-space: nowrap; overflow: hidden; text-overflow: ellipsis;">mechanizm_drugi_n_procent_taniej</h5>


                  <div class="ibox-content" style="padding: 0px;">
                    <div class="product-imitation" style="background-image: url('/uploads/image/image/thumb_mechanizm_drugi_n_procent_taniej-240819fa26.png'); background-size: contain; min-height: 300px; min-width: 300px;">

                    </div>
                      
                  </div>
                </div>
              </div>
            </div>

            <div class="col-sm-4" style="padding: 2px;">
              <a class="a-popover-pict" href="#!" pict-id="2096">

                <div class="product-imitation" style="padding: 45px 0px; background-image: url('/uploads/image/image/thumb_mechanizm_drugi_n_procent_taniej-240819fa26.png');">

                </div>
                </a><div style="margin-bottom: 7px;white-space: nowrap; overflow: hidden; text-overflow: ellipsis;"><a class="a-popover-pict" href="#!" pict-id="2096">
                  mechanizm_drugi_n_procent_taniej<br>

                      [ --- ]



                        </a><a data-confirm="Czy na pewno chcesz usunąć logotyp/piktogram?" class="logo_pic_rm_ph" rel="nofollow" data-method="post" href="https://beta.app4ad.pl/page_modules/796310/remove_image_from?custom_redirect=%2Fpages%2F106494%2Fcorrection%23module-796310&amp;image_id=2096">
                            <!--?xml version="1.0" encoding="UTF-8"?-->
      <svg xmlns="http://www.w3.org/2000/svg" viewBox="0 0 24 24" width="512" height="512" style="width: 18px; height: 26px;">
      <g id="_01_align_center" fill="#ED5565" data-name="01 align center"><path d="M22,4H17V2a2,2,0,0,0-2-2H9A2,2,0,0,0,7,2V4H2V6H4V21a3,3,0,0,0,3,3H17a3,3,0,0,0,3-3V6h2ZM9,2h6V4H9Zm9,19a1,1,0,0,1-1,1H7a1,1,0,0,1-1-1V6H18Z"></path>
      <rect fill="#ED5565" x="9" y="10" width="2" height="8"></rect>
      <rect fill="#ED5565" x="13" y="10" width="2" height="8"></rect></g></svg>
      
</a>                </div>

              

            </div>

            
            <div class="mouseover-popup-click-pict animated fadeInRight" pict-id="2097" style="padding: 0px; display: none;">
              <div class="ibox" style="margin-bottom: 0px;">
                <div class="ibox-title">
                  <h5 style="max-width: 200px; white-space: nowrap; overflow: hidden; text-overflow: ellipsis;">mechanizm_drugi_n_taniej</h5>

                  <div class="ibox-tools" style="float: right;">
                    <span class="close-popup">
                      <i class="fa fa-times"></i>
                    </span>
                  </div>

                  <div class="ibox-content" style="padding: 0px;">
                    <div class="product-imitation" style="background-image: url('/uploads/image/image/thumb_mechanizm_drugi_n_taniej-240819a8f3.png'); background-size: contain; min-height: 300px; min-width: 300px;">

                    </div>
                      dużo więcej miejsca
                  </div>
                </div>
              </div>
            </div>

            <div class="mouseover-popup-click-pict-hover animated fadeInRight" pict-id="2097" style="padding: 0px; display: none;">
              <div class="ibox" style="margin-bottom: 0px;">
                <div class="ibox-title">
                  <h5 style="max-width: 200px; white-space: nowrap; overflow: hidden; text-overflow: ellipsis;">mechanizm_drugi_n_taniej</h5>


                  <div class="ibox-content" style="padding: 0px;">
                    <div class="product-imitation" style="background-image: url('/uploads/image/image/thumb_mechanizm_drugi_n_taniej-240819a8f3.png'); background-size: contain; min-height: 300px; min-width: 300px;">

                    </div>
                      dużo więcej miejsca
                  </div>
                </div>
              </div>
            </div>

            <div class="col-sm-4" style="padding: 2px;">
              <a class="a-popover-pict" href="#!" pict-id="2097">

                <div class="product-imitation" style="padding: 45px 0px; background-image: url('/uploads/image/image/thumb_mechanizm_drugi_n_taniej-240819a8f3.png');">

                </div>
                </a><div style="margin-bottom: 7px;white-space: nowrap; overflow: hidden; text-overflow: ellipsis;"><a class="a-popover-pict" href="#!" pict-id="2097">
                  mechanizm_drugi_n_taniej<br>

                      [ dużo więcej miejsca ]



                        </a><a data-confirm="Czy na pewno chcesz usunąć logotyp/piktogram?" class="logo_pic_rm_ph" rel="nofollow" data-method="post" href="https://beta.app4ad.pl/page_modules/796310/remove_image_from?custom_redirect=%2Fpages%2F106494%2Fcorrection%23module-796310&amp;image_id=2097">
                            <!--?xml version="1.0" encoding="UTF-8"?-->
      <svg xmlns="http://www.w3.org/2000/svg" viewBox="0 0 24 24" width="512" height="512" style="width: 18px; height: 26px;">
      <g id="_01_align_center" fill="#ED5565" data-name="01 align center"><path d="M22,4H17V2a2,2,0,0,0-2-2H9A2,2,0,0,0,7,2V4H2V6H4V21a3,3,0,0,0,3,3H17a3,3,0,0,0,3-3V6h2ZM9,2h6V4H9Zm9,19a1,1,0,0,1-1,1H7a1,1,0,0,1-1-1V6H18Z"></path>
      <rect fill="#ED5565" x="9" y="10" width="2" height="8"></rect>
      <rect fill="#ED5565" x="13" y="10" width="2" height="8"></rect></g></svg>
      
</a>                </div>

              

            </div>

        </div>
        

    </div>
  </div>
</div>

          <div class="col-lg-3" style="padding-right: 0px; padding-left: 5px;">
            <div class="row">
              <div class="col-lg-12">
               
                

<!-- 

TO DO po kliknięciu kopiowanie, (w teks, oraz w ikone)
po najechaniu pokazanie zmian - jeżeli są

wywalamy ustawienie skondensowanych.
jezeli jest w huj tekstu przechodzi do nowej linii i pokazuje sie suwag

 -->
<div class="ibox" field="description" style="margin-bottom: 5px">
  <div class="ibox-title ibox-title-correction">
    <h5 class="m-b-md">DANE PRODUKTU</h5>
  </div>
  <div class="ibox-content ibox-content-fixed-width ibox-success" style="height: 145px; overflow-y: auto;" product_id="1215118">
            <div class="buttons" field="description" style="position: absolute; right: 25px; top: 8px;">
        


          <!-- popraw przy atrybutach nie-produktu -->
            <div class="text-right" style="float: right; margin-left: 4px;">
              <span data-toggle="tooltip" title="" data-original-title="Popraw">
                <a class="" type="button" data-toggle="modal" data-target="#edit_product_modal">
                  <!--?xml version="1.0" encoding="UTF-8"?-->
      <svg xmlns="http://www.w3.org/2000/svg" viewBox="0 0 24 24" width="512" height="512" style="width: 18px; height: 26px;">
      <g id="_01_align_center" data-name="01 align center">
      <path fill="#f8ac59" d="M22.94,1.06a3.626,3.626,0,0,0-5.124,0L0,18.876V24H5.124L22.94,6.184A3.627,3.627,0,0,0,22.94,1.06ZM4.3,22H2V19.7L15.31,6.4l2.3,2.3ZM21.526,4.77,19.019,7.277l-2.295-2.3L19.23,2.474a1.624,1.624,0,0,1,2.3,2.3Z"></path></g></svg>
      
                </a>
              </span>
            </div>


      </div>

    <p style="overflow: hidden;">
          
        <i class="fa fa-check-circle fa-fw" aria-hidden="true" style="color: green"></i>
      <a href="#!" class="btn btn-default btn-xs copy-btn" copy-value="Arbuz">
        <i class="fa fa-info fa-fw" aria-hidden="true" data-toggle="tooltip" title="" data-original-title="Nazwa"></i>
      </a>
      <a class="a-popover copy-btn false" href="#!" data-toggle="popover-diff" data-trigger="hover" data-placement="left" data-content="" copy-value="Arbuz">
        Arbuz
      </a>
      <br>

        <i class="fa fa-check-circle fa-fw" aria-hidden="true" style="color: green"></i>  

      <a href="#!" class="btn btn-default btn-xs copy-btn" copy-value="---"><i class="fa fa-align-left fa-fw" aria-hidden="true" data-toggle="tooltip" title="" data-original-title="Opis"></i></a>
      <a class="a-popover copy-btn false" href="#!" data-toggle="popover-diff" data-trigger="hover" data-placement="left" data-content="" copy-value="---">
        ---
      </a>
      <br>

          <i class="fa fa-check-circle fa-fw" aria-hidden="true" style="color: green"></i>
        <a href="#!" class="btn btn-default btn-xs copy-btn" copy-value=""><i class="fa fa-paperclip fa-fw" aria-hidden="true" data-toggle="tooltip" title="" data-original-title="Dodatkowe opcje opisu"></i></a>
        <a class="a-popover copy-btn false" href="#!" data-toggle="popover-diff" data-trigger="hover" data-placement="left" data-content="" copy-value="">
          
        </a>
        <br>



    </p>

  </div>
</div>


              </div>
                <div class="col-lg-12">
                  
                  <div class="ibox" field="weight" style="margin-bottom: 5px">
  <div class="ibox-title ibox-title-correction">
    <h5 class="m-b-md">GRAMATURA</h5>
  </div>
  <div class="ibox-content ibox-content-fixed-width ibox-danger accept-no-change" style="height: 111px; overflow-y: hidden;">
            <div class="buttons" field="weight" style="position: absolute; right: 25px; top: 8px;">
        

            <div class="text-right" style="float: right; margin-left: 4px;">
              <span data-toggle="tooltip" title="" data-original-title="Popraw">
                <a class="" type="button" data-toggle="modal" data-target="#edit_product_modal">
                  <!--?xml version="1.0" encoding="UTF-8"?-->
      <svg xmlns="http://www.w3.org/2000/svg" viewBox="0 0 24 24" width="512" height="512" style="width: 18px; height: 26px;">
      <g id="_01_align_center" data-name="01 align center">
      <path fill="#f8ac59" d="M22.94,1.06a3.626,3.626,0,0,0-5.124,0L0,18.876V24H5.124L22.94,6.184A3.627,3.627,0,0,0,22.94,1.06ZM4.3,22H2V19.7L15.31,6.4l2.3,2.3ZM21.526,4.77,19.019,7.277l-2.295-2.3L19.23,2.474a1.624,1.624,0,0,1,2.3,2.3Z"></path></g></svg>
      
                </a>
              </span>
            </div>

      </div>


      <span class="swap-icon" product_id="1215118" attr="weight" style="display: inline-block;"><i class="fa fa-minus-circle fa-fw swap1" aria-hidden="true" style="color: red; display:none"></i><i class="fa fa-plus-circle fa-fw swap2" aria-hidden="true" style="color: orange; display:block"></i><i class="fa fa-spinner fa-spin fa-fw" style="display: none"></i></span>

    <a href="#!" class="btn btn-default btn-xs" copy-value="">
      <i class="fa fa-balance-scale fa-fw" aria-hidden="true" data-toggle="tooltip" title="" data-original-title="Gramatura"></i>
    </a>


    <a class="a-popover false" href="#!" data-toggle="popover-diff" data-trigger="hover" data-placement="top" data-content="
">


    
      5 x 5 Od 4 
         do 10
        
        
        
        
        
      g

      </a>
    <br>
  </div>
</div>

                </div>
            </div>
          </div>

          <div class="col-lg-9" style="padding-right: 0px; padding-left: 5px;">
  <div class="ibox" field="price" style="margin-bottom: 5px">
    <div class="ibox-title ibox-title-correction">
      <h5 class="m-b-md">CENY</h5>
    </div>

    <div class="ibox-content ibox-content-fixed-width ibox-danger" style="padding: 5px 0px;height: 310px;" product_id="1215118">
              <div class="buttons" field="price" style="position: absolute; right: 25px; top: 8px;">
        

            <div class="text-right" style="float: right; margin-left: 4px;">
            <span data-toggle="tooltip" title="" data-original-title="Zaakceptuj">
              <a class="hover-animate  " action="accept">
                <!--?xml version="1.0" encoding="UTF-8"?-->
    <svg xmlns="http://www.w3.org/2000/svg" id="Isolation_Mode" data-name="Isolation Mode" viewBox="0 0 24 24" width="512" height="512" style="width: 18px; height: 26px;">
    <path fill="#1ab394" d="M7.8,21.425A2.542,2.542,0,0,1,6,20.679L.439,15.121,2.561,13,7.8,18.239,21.439,4.6l2.122,2.121L9.6,20.679A2.542,2.542,0,0,1,7.8,21.425Z"></path></svg> 
              </a>
            </span>
            </div>&nbsp;

          <!-- popraw przy atrybutach nie-produktu -->
            <div class="text-right" style="float: right; margin-left: 4px;">
              <span data-toggle="tooltip" title="" data-original-title="Popraw">
                <a class="" type="button" data-toggle="modal" data-target="#edit_product_modal">
                  <!--?xml version="1.0" encoding="UTF-8"?-->
      <svg xmlns="http://www.w3.org/2000/svg" viewBox="0 0 24 24" width="512" height="512" style="width: 18px; height: 26px;">
      <g id="_01_align_center" data-name="01 align center">
      <path fill="#f8ac59" d="M22.94,1.06a3.626,3.626,0,0,0-5.124,0L0,18.876V24H5.124L22.94,6.184A3.627,3.627,0,0,0,22.94,1.06ZM4.3,22H2V19.7L15.31,6.4l2.3,2.3ZM21.526,4.77,19.019,7.277l-2.295-2.3L19.23,2.474a1.624,1.624,0,0,1,2.3,2.3Z"></path></g></svg>
      
                </a>
              </span>
            </div>


      </div>

      <table class="table-striped table-borderless table-condensed" style="width: 100%;">

        <tbody><tr>
          <td style="width:15%">

          </td><td style="width:15%">
            <div class="false" style="display: inherit; white-space: nowrap; vertical-align: middle;">
              CENA 1 
              <a class="a-popover false" href="#!" data-toggle="popover-diff" data-trigger="hover" data-placement="top" data-content="">
                <span style="font-size: 18px; font-weight: normal;">11,11 zł</span>
              </a>
            </div>

              <div style="display: inherit; padding-left: 15px;    white-space: nowrap;">
                  Taniej do
                  <br>
                  <a class="a-popover false" href="#!" data-toggle="popover-diff" data-trigger="hover" data-placement="top" data-content="">
                    <span class="false" style="font-size: 18px; ">21%</span>
                  </a>
              </div>

              <div style="display: inherit; padding-left: 15px;    white-space: nowrap;">
                Oszczędzasz
                <br>
                <a class="a-popover false" href="#!" data-toggle="popover-diff" data-trigger="hover" data-placement="top" data-content="">
                  <span style="font-size: 18px; ">1,01 zł</span>
                </a>
              </div>

          </td><td style="width:15%">
            <div style="display: inherit;">
              CENA 2 
              <a class="a-popover false" href="#!" data-toggle="popover-diff" data-trigger="hover" data-placement="top" data-content="">
                <span class="false" style="font-size: 18px; font-weight: normal;">12,12 zł</span>
              </a>
            </div>
            
            </td><td style="width:15%">
              <div style="display: inherit;">
                CENA 3 
                <a class="a-popover false" href="#!" data-toggle="popover-diff" data-trigger="hover" data-placement="top" data-content="">
                  <span class="false" style="font-size: 18px; font-weight: normal;">13,13 zł</span>
                </a>
              </div>

            </td><td style="width:15%">
              <div style="display: inherit;">
                CENA 4 
                <a class="a-popover false" href="#!" data-toggle="popover-diff" data-trigger="hover" data-placement="top" data-content="">
                  <span class="false" style="font-size: 18px; font-weight: normal;">14,14 zł</span>
                </a>
              </div>


          </td></tr><tr>
            <td>5 x  <b>5 g</b>
              </td><td>
                <div style="display: inherit;">
                  <a class="a-popover false" href="#!" data-toggle="popover-diff" data-trigger="hover" data-placement="top" data-content="">
                    <span style="font-size: 18px;  font-weight: normal;">
                      44,44 
                      <sup>zł</sup>/<sub>100g</sub>
                    </span>
                  </a>
                    <br>
                    <a class="a-popover false" href="#!" data-toggle="popover-diff" data-trigger="hover" data-placement="top" data-content="">
                      <span style="font-size: 18px;  font-weight: normal;">
                        444,40 
                        <sup>zł</sup>/<sub>kg</sub>
                      </span>
                    </a>
                </div>
              </td>
              <td>
                <div style="display: inherit;">
                  <a class="a-popover false" href="#!" data-toggle="popover-diff" data-trigger="hover" data-placement="top" data-content="">
                    <span style="font-size: 18px;  font-weight: normal;">
                      48,48 
                      <sup>zł</sup>/<sub>100g</sub>
                    </span>
                  </a>
                    <br>
                    <a class="a-popover false" href="#!" data-toggle="popover-diff" data-trigger="hover" data-placement="top" data-content="">
                      <span style="font-size: 18px;  font-weight: normal;">
                        484,80 
                        <sup>zł</sup>/<sub>kg</sub>
                      </span>
                    </a>
                </div>
              </td>
              <td>
                <div style="display: inherit;">
                  <a class="a-popover false" href="#!" data-toggle="popover-diff" data-trigger="hover" data-placement="top" data-content="">
                    <span style="font-size: 18px;  font-weight: normal;">
                      52,52 
                      <sup>zł</sup>/<sub>100g</sub>
                    </span>
                  </a>
                    <br>
                    <a class="a-popover false" href="#!" data-toggle="popover-diff" data-trigger="hover" data-placement="top" data-content="">
                      <span style="font-size: 18px;  font-weight: normal;">
                        525,20 
                        <sup>zł</sup>/<sub>kg</sub>
                      </span>
                    </a>
                </div>
              </td>
              <td>
                <div style="display: inherit;">
                  <a class="a-popover false" href="#!" data-toggle="popover-diff" data-trigger="hover" data-placement="top" data-content="">
                    <span style="font-size: 18px;  font-weight: normal;">
                      56,56 
                      <sup>zł</sup>/<sub>100g</sub>
                    </span>
                  </a>
                    <br>
                    <a class="a-popover false" href="#!" data-toggle="popover-diff" data-trigger="hover" data-placement="top" data-content="">
                      <span style="font-size: 18px;  font-weight: normal;">
                        565,60 
                        <sup>zł</sup>/<sub>kg</sub>
                      </span>
                    </a>
                </div>
              </td>
          </tr>

          <tr>
            <td>5 x  <b>4 g</b>
              </td><td>
                <div class="false" style="display: inherit;">
                  <a class="a-popover false" href="#!" data-toggle="popover-diff" data-trigger="hover" data-placement="top" data-content="">
                    <span style="font-size: 18px;  font-weight: normal;">
                      55,55 
                      <sup>zł</sup>/<sub>100g</sub>
                    </span>
                  </a>
                    <br>
                    <a class="a-popover false" href="#!" data-toggle="popover-diff" data-trigger="hover" data-placement="top" data-content="">
                      <span style="font-size: 18px;  font-weight: normal;">
                        555,50 
                        <sup>zł</sup>/<sub>kg</sub>
                      </span>
                    </a>
                </div>
              </td>
              <td>
                <div class="false" style="display: inherit;">
                  <a class="a-popover false" href="#!" data-toggle="popover-diff" data-trigger="hover" data-placement="top" data-content="">
                    <span style="font-size: 18px;  font-weight: normal;">
                      60,60 
                      <sup>zł</sup>/<sub>100g</sub>
                    </span>
                  </a>
                    <br>
                    <a class="a-popover false" href="#!" data-toggle="popover-diff" data-trigger="hover" data-placement="top" data-content="">
                      <span style="font-size: 18px;  font-weight: normal;">
                        606,00 
                        <sup>zł</sup>/<sub>kg</sub>
                      </span>
                    </a>
                </div>
              </td>
              <td>
                <div class="false" style="display: inherit;">
                  <a class="a-popover false" href="#!" data-toggle="popover-diff" data-trigger="hover" data-placement="top" data-content="">
                    <span style="font-size: 18px;  font-weight: normal;">
                      65,65 
                      <sup>zł</sup>/<sub>100g</sub>
                    </span>
                  </a>
                    <br>
                    <a class="a-popover false" href="#!" data-toggle="popover-diff" data-trigger="hover" data-placement="top" data-content="">
                      <span style="font-size: 18px;  font-weight: normal;">
                        656,50 
                        <sup>zł</sup>/<sub>kg</sub>
                      </span>
                    </a>
                </div>
              </td>
              <td>
                <div class="false" style="display: inherit;">
                  <a class="a-popover false" href="#!" data-toggle="popover-diff" data-trigger="hover" data-placement="top" data-content="">
                    <span style="font-size: 18px;  font-weight: normal;">
                      70,70 
                      <sup>zł</sup>/<sub>100g</sub>
                    </span>
                  </a>
                    <br>
                    <a class="a-popover false" href="#!" data-toggle="popover-diff" data-trigger="hover" data-placement="top" data-content="">
                      <span style="font-size: 18px;  font-weight: normal;">
                        707,00 
                        <sup>zł</sup>/<sub>kg</sub>
                      </span>
                    </a>
                </div>
              </td>
          </tr>

          <tr>
            <td>5 x  <b>10 g</b>
              </td><td>
                <div class="false" style="display: inherit;">
                  <a class="a-popover false" href="#!" data-toggle="popover-diff" data-trigger="hover" data-placement="top" data-content="">
                    <span style="font-size: 18px;  font-weight: normal;">
                      22,22 
                      <sup>zł</sup>/<sub>100g</sub>
                    </span>
                  </a>
                    <br>
                    <a class="a-popover false" href="#!" data-toggle="popover-diff" data-trigger="hover" data-placement="top" data-content="">
                      <span style="font-size: 18px;  font-weight: normal;">
                        222,20 
                        <sup>zł</sup>/<sub>kg</sub>
                      </span>
                    </a>
                </div>
              </td>
              <td>
                <div class="false" style="display: inherit;">
                  <a class="a-popover false" href="#!" data-toggle="popover-diff" data-trigger="hover" data-placement="top" data-content="">
                    <span style="font-size: 18px;  font-weight: normal;">
                      24,24 
                      <sup>zł</sup>/<sub>100g</sub>
                    </span>
                  </a>
                    <br>
                    <a class="a-popover false" href="#!" data-toggle="popover-diff" data-trigger="hover" data-placement="top" data-content="">
                      <span style="font-size: 18px;  font-weight: normal;">
                        242,40 
                        <sup>zł</sup>/<sub>kg</sub>
                      </span>
                    </a>
                </div>
              </td>
              <td>
                <div class="false" style="display: inherit;">
                  <a class="a-popover false" href="#!" data-toggle="popover-diff" data-trigger="hover" data-placement="top" data-content="">
                    <span style="font-size: 18px;  font-weight: normal;">
                      26,26 
                      <sup>zł</sup>/<sub>100g</sub>
                    </span>
                  </a>
                    <br>
                    <a class="a-popover false" href="#!" data-toggle="popover-diff" data-trigger="hover" data-placement="top" data-content="">
                      <span style="font-size: 18px;  font-weight: normal;">
                        262,60 
                        <sup>zł</sup>/<sub>kg</sub>
                      </span>
                    </a>
                </div>
              </td>
              <td>
                <div class="false" style="display: inherit;">
                  <a class="a-popover false" href="#!" data-toggle="popover-diff" data-trigger="hover" data-placement="top" data-content="">
                    <span style="font-size: 18px;  font-weight: normal;">
                      28,28 
                      <sup>zł</sup>/<sub>100g</sub>
                    </span>
                  </a>
                    <br>
                    <a class="a-popover false" href="#!" data-toggle="popover-diff" data-trigger="hover" data-placement="top" data-content="">
                      <span style="font-size: 18px;  font-weight: normal;">
                        282,80 
                        <sup>zł</sup>/<sub>kg</sub>
                      </span>
                    </a>
                </div>
              </td>

          </tr><tr>
            <td><b>Cena za sztukę</b>
              </td><td>
                <div class="false" style="display: inherit;">
                  
                      <a class="a-popover false" href="#!" data-toggle="popover-diff" data-trigger="hover" data-placement="top" data-content="">
                        <span style="font-size: 18px;  font-weight: normal;">
                          2,22
                          <sup>zł</sup>/<sub>szt</sub>
                        </span>
                      </a>
                </div>
              </td>
              <td>
                <div class="false" style="display: inherit;">
                  
                      <a class="a-popover false" href="#!" data-toggle="popover-diff" data-trigger="hover" data-placement="top" data-content="">
                        <span style="font-size: 18px;  font-weight: normal;">
                          2,42
                          <sup>zł</sup>/<sub>szt</sub>
                        </span>
                      </a>
                </div>
              </td>
              <td>
                <div class="false" style="display: inherit;">
                  
                      <a class="a-popover false" href="#!" data-toggle="popover-diff" data-trigger="hover" data-placement="top" data-content="">
                        <span style="font-size: 18px;  font-weight: normal;">
                          2,63
                          <sup>zł</sup>/<sub>szt</sub>
                        </span>
                      </a>
                </div>
              </td>
              <td>
                <div class="false" style="display: inherit;">
                  
                      <a class="a-popover false" href="#!" data-toggle="popover-diff" data-trigger="hover" data-placement="top" data-content="">
                        <span style="font-size: 18px;  font-weight: normal;">
                          2,83
                          <sup>zł</sup>/<sub>szt</sub>
                        </span>
                      </a>
                </div>
              </td>
             

        </tr><tr>
          <td>
            <p>prices_description</p>
          </td>

          <td>
             <a class="a-popover false" href="#!" data-toggle="popover-diff" data-trigger="hover" data-placement="top" data-content="&lt;span&gt;&lt;/span&gt;">
              uwagi do pierwszej ceny
            </a>

          </td><td>

            </td><td>

            </td><td>

        </td></tr>

      </tbody></table>

      <p>
          <span class="swap-icon" product_id="1215118" attr="assortment_type" style="display: inline-block;"><i class="fa fa-minus-circle fa-fw swap1" aria-hidden="true" style="color: red; display:none"></i><i class="fa fa-plus-circle fa-fw swap2" aria-hidden="true" style="color: orange; display:block"></i><i class="fa fa-spinner fa-spin fa-fw" style="display: none"></i></span>
        RA / MT: 
        <a class="a-popover copy-btn false" href="#!" data-toggle="popover-diff" data-trigger="hover" data-placement="left" data-content="" copy-value="RA">
            RA

        </a>
        <br>
          <span class="swap-icon" product_id="1215118" attr="is_price_per_unit" style="display: inline-block;"><i class="fa fa-minus-circle fa-fw swap1" aria-hidden="true" style="color: red; display:none"></i><i class="fa fa-plus-circle fa-fw swap2" aria-hidden="true" style="color: orange; display:block"></i><i class="fa fa-spinner fa-spin fa-fw" style="display: none"></i></span>
        Jednostkowa: 
        <a class="a-popover copy-btn false" href="#!" data-toggle="popover-diff" data-trigger="hover" data-placement="left" data-content="" copy-value="true">
            Tak

        </a>
        <br>
          <span class="swap-icon" product_id="1215118" attr="is_price_with_extra" style="display: inline-block;"><i class="fa fa-minus-circle fa-fw swap1" aria-hidden="true" style="color: red; display:none"></i><i class="fa fa-plus-circle fa-fw swap2" aria-hidden="true" style="color: orange; display:block"></i><i class="fa fa-spinner fa-spin fa-fw" style="display: none"></i></span>
        Omnibus: 
        <a class="a-popover copy-btn false" href="#!" data-toggle="popover-diff" data-trigger="hover" data-placement="left" data-content="" copy-value="true">
            Tak

        </a>
        <br>
      </p>



    </div>
  </div>
</div>


        </div>
          <div class="row">
  <div class="col-md-12">
    <div class="row">
    <hr>
        <div class="col-md-12">
            <a class="btn btn-danger" href="#!" data-toggle="modal" data-target="#mod-report-errror-796310" style="margin-bottom: 10px; float: right !important;">
              <i class="fa fa-exclamation"></i> Zgłoś błąd
            </a>

            <a style="margin-right: 5px; margin-bottom: 10px; float: right !important;" data-toggle="tooltip" data-html="true" data-original-title="Zaktualizuj do bazy dane produktu oznaczone &lt;i class=&quot;fa fa-plus-circle&quot; style=&quot;color: orange;&quot;&gt;&lt;/i&gt;" class="btn btn-primary" rel="nofollow" data-method="post" href="https://beta.app4ad.pl/page_modules/796310/update_green_pipes?custom_redirect=%2Fpages%2F106494%2Fcorrection%23module-796310">
              <i class="fa fa-check"></i> Zaktualizuj dane
</a>
                <center>
                  <a class="btn btn-primary" action="accept_all" module_id="796310" style="margin-right: -100px;">
                    <i class="fa fa-check"></i> Zaakceptuj wszystkie (oprócz poprawianych)
                  </a>
                </center>
        </div>

    </div>
  </div>
</div>
  <div class="row">
    <div class="col-md-12">
      <div id="links" class="col-md-12 gallery">
        <a>
          
          <div class="product-imitation" id="blueimp_img" style="height: 250px; background-image: url('');">
            
              <i class="fa fa-ban fa-5x" aria-hidden="true"></i>
          </div>
        </a>
      </div>
    </div>
  </div>

<!-- Modal -->
<div class="modal fade" id="mod-report-errror-796310" tabindex="-1" role="dialog" aria-labelledby="myModalLabel">
  <div class="modal-dialog" role="document">
    <div class="modal-content">
      <div class="modal-header">
        <button type="button" class="close" data-dismiss="modal" aria-label="Close"><span aria-hidden="true">×</span></button>
        <h4 class="modal-title" id="myModalLabel">Zgłoś błąd</h4>
      </div>
      <div class="modal-body">

        <form role="form" class="new_comment" id="new_comment" enctype="multipart/form-data" action="/leaflets/1305/report_error" accept-charset="UTF-8" method="post"><input name="utf8" type="hidden" value="✓"><input type="hidden" name="authenticity_token" value="fKwJuzNJi3lP5BfgIZUAbcT12Zmtu9op4F6A7ToZqN6787mWosPCy7IiLu1Hwjvyrw8Xg+AvuCN/8/DuCtUIig==">

          <div class="form-group row"><label class="sr-only col-form-label col-sm-2" for="comment_content">Content</label><div class="col-sm-12"><textarea placeholder="Opisz błąd..." class="form-control" name="comment[content]" id="comment_content"></textarea></div></div>
          <input value="796310" type="hidden" name="comment[target_id]" id="comment_target_id">
          <input value="2" type="hidden" name="comment[target_type]" id="comment_target_type">

          <input type="hidden" name="custom_redirect" id="input" class="form-control" value="/pages/106494/correction">
          
          <div class="form-group row"><label class="col-form-label col-sm-2" for="comment_attachment">Wybierz plik</label><div class="col-sm-12"><div class="custom-file"><input class="custom-file-input" type="file" name="comment[attachment]" id="comment_attachment"><label class="custom-file-label" for="comment_attachment">Wybierz plik</label></div></div></div>

          <div class="text-left">
            <input type="submit" name="commit" value="Prześlij zgłoszenie" class="btn btn-sm btn-primary m-t-n-xs" data-disable-with="Prześlij zgłoszenie">
          </div>

</form>
      </div>
      <div class="modal-footer">
        <button type="button" class="btn btn-default" data-dismiss="modal">Zamknij</button>
      </div>
    </div>
  </div>
</div>

        <h2>Komentarze modułu:</h2>
            <div class="chat-form">
                <form role="form" class="new_comment" id="new_comment" action="/comments" accept-charset="UTF-8" method="post"><input name="utf8" type="hidden" value="✓"><input type="hidden" name="authenticity_token" value="Cvf09Tqz3yM3eraeEJwD26FbBq6Zm8gU4fmplX7NLYTNqETYqzmWkcq8j5N2yzhEyqHItNQPqh5+VNmWTgGN0A==">
	<div class="form-group row"><label class="sr-only col-form-label col-sm-2" for="comment_content">Content</label><div class="col-sm-12"><textarea placeholder="Wprowadź komentarz" style="height: 100px; max-width: 100%; min-height: 100px;" class="form-control" name="comment[content]" id="comment_content"></textarea></div></div>
	<input value="796310" type="hidden" name="comment[target_id]" id="comment_target_id">
	<input value="2" type="hidden" name="comment[target_type]" id="comment_target_type">

		<input type="hidden" name="custom_redirect" id="input" class="form-control" value="/pages/106494/correction#">




	<div class="text-left">
			  <input type="submit" name="commit" value="Zapisz komentarz do agencji" class="btn btn-sm btn-success m-t-n-xs" data-disable-with="Zapisz komentarz do agencji">
			  	<input type="submit" name="commit" value="Zapisz komentarz do marketingu" class="btn btn-sm m-t-n-xs btn-pink" data-disable-with="Zapisz komentarz do marketingu">

	</div>

</form>
<script>
	 $(function() {
    $('input[type=file]').change(function(){
      var t = $(this).val();
      var labelText = 'File : ' + t.substr(12, t.length);
      console.log(labelText)
      $('.comment-file').text(labelText);
    })
  });

	$(document).ready(function() {
		// upload file stuff:
	  	// $(":file").filestyle('placeholder', 'Brak pliku');
	  	$('label[for="comment_attachment"]').text("Wybierz plik");
	  	$('label[for="comment_attachment"].control-label').hide();
	});
</script>
	
              <hr>
            </div>

        <div class="col-md-12">
          <div class="feed-activity-list">
                <h3 class="toggle_comments">
                  <a href="#!">
                    Korekta 9 (21 komentarzy)
                  </a>
                  <i class="arrow-toggle fa fa-angle-down" aria-hidden="true"></i>

                </h3>

                <div class="comments" style="display: block">
                    <style>
.user-comment {
  background-color: #e2e9ff;
}
</style>

<div class="chat-element " comment_id="7098358" id="c7098358">
  <span class="pull-left">
      <i class="fa fa-user fa-2x"></i>
  </span>
  <div class="media-body">
    <small class="pull-right">mniej niż minutę temu</small>
    <strong>
      Rafał Daroch
    </strong>
     dodał(a) komentarz<br>
    <small class="text-muted">2024-08-22 12:44</small>
    <small class="text-muted">Dodane automatycznie</small>
    <div class="well " style="white-space: pre-wrap;">Nastąpiła zmiana danych dla produktu Arbuz / EAN:22223002 / Index:: <ul><li>"Jednostkowa" z: <span style="background-color: #f7c6c6;">false</span> na: <span style="background-color: #cae9ca;">true</span></li></ul>
</div>
  </div>
</div>


                    <style>
.user-comment {
  background-color: #e2e9ff;
}
</style>

<div class="chat-element " comment_id="7098357" id="c7098357">
  <span class="pull-left">
      <i class="fa fa-user fa-2x"></i>
  </span>
  <div class="media-body">
    <small class="pull-right">mniej niż minutę temu</small>
    <strong>
      Rafał Daroch
    </strong>
     dodał(a) komentarz<br>
    <small class="text-muted">2024-08-22 12:44</small>
    <small class="text-muted">Dodane automatycznie</small>
    <div class="well " style="white-space: pre-wrap;">Nastąpiła zmiana danych dla produktu Arbuz / EAN:22223002 / Index:: <ul><li>"Jednostkowa" z: <span style="background-color: #f7c6c6;">true</span> na: <span style="background-color: #cae9ca;">false</span></li></ul>
</div>
  </div>
</div>


                    <style>
.user-comment {
  background-color: #e2e9ff;
}
</style>

<div class="chat-element " comment_id="7097854" id="c7097854">
  <span class="pull-left">
      <i class="fa fa-user fa-2x"></i>
  </span>
  <div class="media-body">
    <small class="pull-right">3 dni temu</small>
    <strong>
      Rafał Daroch
    </strong>
     dodał(a) komentarz<br>
    <small class="text-muted">2024-08-19 17:27</small>
    <small class="text-muted">Dodane automatycznie</small>
    <div class="well " style="white-space: pre-wrap;">Dodano logotypy/piktogramy: 
</div>
  </div>
</div>


                    <style>
.user-comment {
  background-color: #e2e9ff;
}
</style>

<div class="chat-element " comment_id="7097853" id="c7097853">
  <span class="pull-left">
      <i class="fa fa-user fa-2x"></i>
  </span>
  <div class="media-body">
    <small class="pull-right">3 dni temu</small>
    <strong>
      Rafał Daroch
    </strong>
     dodał(a) komentarz<br>
    <small class="text-muted">2024-08-19 17:27</small>
    <small class="text-muted">Dodane automatycznie</small>
    <div class="well " style="white-space: pre-wrap;">Dodano piktogram(y): mechanizm_drugi_n_procent_taniej
</div>
  </div>
</div>


                    <style>
.user-comment {
  background-color: #e2e9ff;
}
</style>

<div class="chat-element " comment_id="7097852" id="c7097852">
  <span class="pull-left">
      <i class="fa fa-user fa-2x"></i>
  </span>
  <div class="media-body">
    <small class="pull-right">3 dni temu</small>
    <strong>
      Rafał Daroch
    </strong>
     dodał(a) komentarz<br>
    <small class="text-muted">2024-08-19 17:27</small>
    <small class="text-muted">Dodane automatycznie</small>
    <div class="well " style="white-space: pre-wrap;">Usunięto piktogram "procent" z modułu
</div>
  </div>
</div>


                    <style>
.user-comment {
  background-color: #e2e9ff;
}
</style>

<div class="chat-element " comment_id="7097851" id="c7097851">
  <span class="pull-left">
      <i class="fa fa-user fa-2x"></i>
  </span>
  <div class="media-body">
    <small class="pull-right">3 dni temu</small>
    <strong>
      Rafał Daroch
    </strong>
     dodał(a) komentarz<br>
    <small class="text-muted">2024-08-19 17:27</small>
    <small class="text-muted">Dodane automatycznie</small>
    <div class="well " style="white-space: pre-wrap;">Dodano piktogram(y): procent
</div>
  </div>
</div>


                    <style>
.user-comment {
  background-color: #e2e9ff;
}
</style>

<div class="chat-element " comment_id="7097850" id="c7097850">
  <span class="pull-left">
      <i class="fa fa-user fa-2x"></i>
  </span>
  <div class="media-body">
    <small class="pull-right">3 dni temu</small>
    <strong>
      Rafał Daroch
    </strong>
     dodał(a) komentarz<br>
    <small class="text-muted">2024-08-19 17:27</small>
    <small class="text-muted">Dodane automatycznie</small>
    <div class="well " style="white-space: pre-wrap;">Dodano logotypy/piktogramy: 
</div>
  </div>
</div>


                    <style>
.user-comment {
  background-color: #e2e9ff;
}
</style>

<div class="chat-element " comment_id="7097849" id="c7097849">
  <span class="pull-left">
      <i class="fa fa-user fa-2x"></i>
  </span>
  <div class="media-body">
    <small class="pull-right">3 dni temu</small>
    <strong>
      Rafał Daroch
    </strong>
     dodał(a) komentarz<br>
    <small class="text-muted">2024-08-19 17:27</small>
    <small class="text-muted">Dodane automatycznie</small>
    <div class="well " style="white-space: pre-wrap;">Dodano logotypy/piktogramy: 
</div>
  </div>
</div>


                    <style>
.user-comment {
  background-color: #e2e9ff;
}
</style>

<div class="chat-element " comment_id="7097848" id="c7097848">
  <span class="pull-left">
      <i class="fa fa-user fa-2x"></i>
  </span>
  <div class="media-body">
    <small class="pull-right">3 dni temu</small>
    <strong>
      Rafał Daroch
    </strong>
     dodał(a) komentarz<br>
    <small class="text-muted">2024-08-19 15:31</small>
    <small class="text-muted">Dodane automatycznie</small>
    <div class="well " style="white-space: pre-wrap;">Nastąpiła zmiana danych dla produktu Arbuz / EAN:22223002 / Index:: <ul><li>"Jednostka" z: <span style="background-color: #f7c6c6;">3</span> na: <span style="background-color: #cae9ca;">2</span></li></ul>
</div>
  </div>
</div>


                    <style>
.user-comment {
  background-color: #e2e9ff;
}
</style>

<div class="chat-element " comment_id="7097847" id="c7097847">
  <span class="pull-left">
      <i class="fa fa-user fa-2x"></i>
  </span>
  <div class="media-body">
    <small class="pull-right">3 dni temu</small>
    <strong>
      Rafał Daroch
    </strong>
     dodał(a) komentarz<br>
    <small class="text-muted">2024-08-19 15:31</small>
    <small class="text-muted">Dodane automatycznie</small>
    <div class="well " style="white-space: pre-wrap;">Nastąpiła zmiana danych dla produktu Arbuz / EAN:22223002 / Index:: <ul><li>"Jednostka" z: <span style="background-color: #f7c6c6;">2</span> na: <span style="background-color: #cae9ca;">3</span></li></ul>
</div>
  </div>
</div>


                    <style>
.user-comment {
  background-color: #e2e9ff;
}
</style>

<div class="chat-element " comment_id="7097846" id="c7097846">
  <span class="pull-left">
      <i class="fa fa-user fa-2x"></i>
  </span>
  <div class="media-body">
    <small class="pull-right">3 dni temu</small>
    <strong>
      Rafał Daroch
    </strong>
     dodał(a) komentarz<br>
    <small class="text-muted">2024-08-19 15:24</small>
    <small class="text-muted">Dodane automatycznie</small>
    <div class="well " style="white-space: pre-wrap;">Nastąpiła zmiana danych dla produktu Arbuz / EAN:22223002 / Index:: <ul><li>"RA / MT" z: <span style="background-color: #f7c6c6;">[brak]</span> na: <span style="background-color: #cae9ca;">RA</span></li></ul>
</div>
  </div>
</div>


                    <style>
.user-comment {
  background-color: #e2e9ff;
}
</style>

<div class="chat-element " comment_id="7097845" id="c7097845">
  <span class="pull-left">
      <i class="fa fa-user fa-2x"></i>
  </span>
  <div class="media-body">
    <small class="pull-right">3 dni temu</small>
    <strong>
      Rafał Daroch
    </strong>
     dodał(a) komentarz<br>
    <small class="text-muted">2024-08-19 15:23</small>
    <small class="text-muted">Dodane automatycznie</small>
    <div class="well " style="white-space: pre-wrap;">Nastąpiła zmiana danych dla produktu Arbuz / EAN:22223002 / Index:: <ul><li>"Ilość" z: <span style="background-color: #f7c6c6;">1</span> na: <span style="background-color: #cae9ca;">5</span></li></ul>
</div>
  </div>
</div>


                    <style>
.user-comment {
  background-color: #e2e9ff;
}
</style>

<div class="chat-element " comment_id="7097844" id="c7097844">
  <span class="pull-left">
      <i class="fa fa-user fa-2x"></i>
  </span>
  <div class="media-body">
    <small class="pull-right">3 dni temu</small>
    <strong>
      Rafał Daroch
    </strong>
     dodał(a) komentarz<br>
    <small class="text-muted">2024-08-19 15:23</small>
    <small class="text-muted">Dodane automatycznie</small>
    <div class="well " style="white-space: pre-wrap;">Nastąpiła zmiana danych dla produktu Arbuz / EAN:22223002 / Index:: <ul><li>"Ilość" z: <span style="background-color: #f7c6c6;">5</span> na: <span style="background-color: #cae9ca;">1</span></li></ul>
</div>
  </div>
</div>


                    <style>
.user-comment {
  background-color: #e2e9ff;
}
</style>

<div class="chat-element " comment_id="7097843" id="c7097843">
  <span class="pull-left">
      <i class="fa fa-user fa-2x"></i>
  </span>
  <div class="media-body">
    <small class="pull-right">3 dni temu</small>
    <strong>
      Rafał Daroch
    </strong>
     dodał(a) komentarz<br>
    <small class="text-muted">2024-08-19 15:21</small>
    <small class="text-muted">Dodane automatycznie</small>
    <div class="well " style="white-space: pre-wrap;">Nastąpiła zmiana danych dla produktu Arbuz / EAN:22223002 / Index:: <ul><li>"Ilość" z: <span style="background-color: #f7c6c6;">1</span> na: <span style="background-color: #cae9ca;">5</span></li></ul>
</div>
  </div>
</div>


                    <style>
.user-comment {
  background-color: #e2e9ff;
}
</style>

<div class="chat-element " comment_id="7097832" id="c7097832">
  <span class="pull-left">
      <i class="fa fa-user fa-2x"></i>
  </span>
  <div class="media-body">
    <small class="pull-right">3 dni temu</small>
    <strong>
      Rafał Daroch
    </strong>
     dodał(a) komentarz<br>
    <small class="text-muted">2024-08-19 14:18</small>
    <small class="text-muted">Dodane automatycznie</small>
    <div class="well " style="white-space: pre-wrap;">Dodano logotypy/piktogramy: mechanizm_drugi_n_taniej
</div>
  </div>
</div>


                    <style>
.user-comment {
  background-color: #e2e9ff;
}
</style>

<div class="chat-element " comment_id="7097831" id="c7097831">
  <span class="pull-left">
      <i class="fa fa-user fa-2x"></i>
  </span>
  <div class="media-body">
    <small class="pull-right">3 dni temu</small>
    <strong>
      Rafał Daroch
    </strong>
     dodał(a) komentarz<br>
    <small class="text-muted">2024-08-19 14:18</small>
    <small class="text-muted">Dodane automatycznie</small>
    <div class="well " style="white-space: pre-wrap;">Usunięto piktogram "procent" z modułu
</div>
  </div>
</div>


                    <style>
.user-comment {
  background-color: #e2e9ff;
}
</style>

<div class="chat-element " comment_id="7097830" id="c7097830">
  <span class="pull-left">
      <i class="fa fa-user fa-2x"></i>
  </span>
  <div class="media-body">
    <small class="pull-right">3 dni temu</small>
    <strong>
      Rafał Daroch
    </strong>
     dodał(a) komentarz<br>
    <small class="text-muted">2024-08-19 14:18</small>
    <small class="text-muted">Dodane automatycznie</small>
    <div class="well " style="white-space: pre-wrap;">Usunięto piktogram "codziennie_swieze" z modułu
</div>
  </div>
</div>


                    <style>
.user-comment {
  background-color: #e2e9ff;
}
</style>

<div class="chat-element " comment_id="7097829" id="c7097829">
  <span class="pull-left">
      <i class="fa fa-laptop fa-2x"></i>
  </span>
  <div class="media-body">
    <small class="pull-right">3 dni temu</small>
    <strong>
      System
    </strong>
     dodał(a) komentarz<br>
    <small class="text-muted">2024-08-19 12:34</small>
    <small class="text-muted">Dodane automatycznie</small>
    <div class="well " style="white-space: pre-wrap;">Nastąpiła zmiana danych dla produktu Arbuz / EAN:22223002 / Index:: <ul><li>"Ilość" z: <span style="background-color: #f7c6c6;">2</span> na: <span style="background-color: #cae9ca;">1</span></li></ul>
</div>
  </div>
</div>


                    <style>
.user-comment {
  background-color: #e2e9ff;
}
</style>

<div class="chat-element " comment_id="7097828" id="c7097828">
  <span class="pull-left">
      <i class="fa fa-laptop fa-2x"></i>
  </span>
  <div class="media-body">
    <small class="pull-right">3 dni temu</small>
    <strong>
      System
    </strong>
     dodał(a) komentarz<br>
    <small class="text-muted">2024-08-19 12:32</small>
    <small class="text-muted">Dodane automatycznie</small>
    <div class="well " style="white-space: pre-wrap;">Nastąpiła zmiana danych dla produktu Arbuz / EAN:22223002 / Index:: <ul><li>"Ilość" z: <span style="background-color: #f7c6c6;">5</span> na: <span style="background-color: #cae9ca;">2</span></li><li>"Gramatura-2" z: <span style="background-color: #f7c6c6;">5</span> na: <span style="background-color: #cae9ca;">4</span></li></ul>
</div>
  </div>
</div>


                    <style>
.user-comment {
  background-color: #e2e9ff;
}
</style>

<div class="chat-element " comment_id="7097827" id="c7097827">
  <span class="pull-left">
      <i class="fa fa-laptop fa-2x"></i>
  </span>
  <div class="media-body">
    <small class="pull-right">3 dni temu</small>
    <strong>
      System
    </strong>
     dodał(a) komentarz<br>
    <small class="text-muted">2024-08-19 12:31</small>
    <small class="text-muted">Dodane automatycznie</small>
    <div class="well " style="white-space: pre-wrap;">Nastąpiła zmiana danych dla produktu Arbuz / EAN:22223002 / Index:: <ul><li>"Ilość" z: <span style="background-color: #f7c6c6;">1</span> na: <span style="background-color: #cae9ca;">5</span></li><li>"Gramatura" z: <span style="background-color: #f7c6c6;">2</span> na: <span style="background-color: #cae9ca;">5</span></li><li>"Gramatura-3" z: <span style="background-color: #f7c6c6;">[brak]</span> na: <span style="background-color: #cae9ca;">10</span></li><li>"Gramatura-2" z: <span style="background-color: #f7c6c6;">3</span> na: <span style="background-color: #cae9ca;">5</span></li></ul>
</div>
  </div>
</div>


                    <style>
.user-comment {
  background-color: #e2e9ff;
}
</style>

<div class="chat-element " comment_id="7088534" id="c7088534">
  <span class="pull-left">
      <i class="fa fa-user fa-2x"></i>
  </span>
  <div class="media-body">
    <small class="pull-right">3 miesiące temu</small>
    <strong>
      Rafał Daroch
    </strong>
     dodał(a) komentarz<br>
    <small class="text-muted">2024-05-10 17:32</small>
    <small class="text-muted">Dodane automatycznie</small>
    <div class="well " style="white-space: pre-wrap;">Nastąpiła zmiana danych dla produktu Arbuz / EAN:22223002 / Index:: <ul><li>"Gramatura-2" z: <span style="background-color: #f7c6c6;">[brak]</span> na: <span style="background-color: #cae9ca;">3</span></li><li>"Jednostka" z: <span style="background-color: #f7c6c6;">1</span> na: <span style="background-color: #cae9ca;">2</span></li></ul>
</div>
  </div>
</div>


                </div>
                <h3 class="toggle_comments">
                  <a href="#!">
                    Korekta 8 (0 komentarzy)
                  </a>
                  <i class="arrow-toggle fa fa-angle-up" aria-hidden="true"></i>

                </h3>

                <div class="comments" style="display: none">
                </div>
                <h3 class="toggle_comments">
                  <a href="#!">
                    Korekta 7 (0 komentarzy)
                  </a>
                  <i class="arrow-toggle fa fa-angle-up" aria-hidden="true"></i>

                </h3>

                <div class="comments" style="display: none">
                </div>
                <h3 class="toggle_comments">
                  <a href="#!">
                    Korekta 6 (2 komentarze)
                  </a>
                  <i class="arrow-toggle fa fa-angle-up" aria-hidden="true"></i>

                </h3>

                <div class="comments" style="display: none">
                    <style>
.user-comment {
  background-color: #e2e9ff;
}
</style>

<div class="chat-element " comment_id="7088207" id="c7088207">
  <span class="pull-left">
      <i class="fa fa-user fa-2x"></i>
  </span>
  <div class="media-body">
    <small class="pull-right">3 miesiące temu</small>
    <strong>
      Rafał Daroch
    </strong>
     dodał(a) komentarz<br>
    <small class="text-muted">2024-05-10 17:17</small>
    <small class="text-muted">Dodane automatycznie</small>
    <div class="well " style="white-space: pre-wrap;">Nastąpiła zmiana danych dla produktu Arbuz / EAN:22223002 / Index:: <ul><li>"CENA 1" z: <span style="background-color: #f7c6c6;">11,00</span> zł na: <span style="background-color: #cae9ca;">11,11</span></li> zł<li>"CENA 2" z: <span style="background-color: #f7c6c6;">12,00</span> zł na: <span style="background-color: #cae9ca;">12,12</span></li> zł<li>"CENA 3" z: <span style="background-color: #f7c6c6;">13,00</span> zł na: <span style="background-color: #cae9ca;">13,13</span></li> zł<li>"CENA 4" z: <span style="background-color: #f7c6c6;">14,00</span> zł na: <span style="background-color: #cae9ca;">14,14</span></li> zł</ul>
</div>
  </div>
</div>


                    <style>
.user-comment {
  background-color: #e2e9ff;
}
</style>

<div class="chat-element " comment_id="7088206" id="c7088206">
  <span class="pull-left">
      <i class="fa fa-user fa-2x"></i>
  </span>
  <div class="media-body">
    <small class="pull-right">3 miesiące temu</small>
    <strong>
      Rafał Daroch
    </strong>
     dodał(a) komentarz<br>
    <small class="text-muted">2024-05-10 15:37</small>
    <small class="text-muted">Dodane automatycznie</small>
    <div class="well " style="white-space: pre-wrap;">Nastąpiła zmiana danych dla produktu Arbuz / EAN:22223002 / Index:: <ul><li>"CENA 1" z: <span style="background-color: #f7c6c6;">10,00</span> zł na: <span style="background-color: #cae9ca;">11,00</span></li> zł<li>"CENA 2" z: <span style="background-color: #f7c6c6;">11,00</span> zł na: <span style="background-color: #cae9ca;">12,00</span></li> zł<li>"CENA 3" z: <span style="background-color: #f7c6c6;">0,00</span> zł na: <span style="background-color: #cae9ca;">13,00</span></li> zł<li>"CENA 4" z: <span style="background-color: #f7c6c6;">0,00</span> zł na: <span style="background-color: #cae9ca;">14,00</span></li> zł<li>"UWAGI CENA 1" z: <span style="background-color: #f7c6c6;">[brak]</span> na: <span style="background-color: #cae9ca;">uwagi do pierwszej ceny</span></li></ul>
</div>
  </div>
</div>


                </div>
                <h3 class="toggle_comments">
                  <a href="#!">
                    Korekta 5 (0 komentarzy)
                  </a>
                  <i class="arrow-toggle fa fa-angle-up" aria-hidden="true"></i>

                </h3>

                <div class="comments" style="display: none">
                </div>
                <h3 class="toggle_comments">
                  <a href="#!">
                    Korekta 4 (0 komentarzy)
                  </a>
                  <i class="arrow-toggle fa fa-angle-up" aria-hidden="true"></i>

                </h3>

                <div class="comments" style="display: none">
                </div>
                <h3 class="toggle_comments">
                  <a href="#!">
                    Korekta 3 (0 komentarzy)
                  </a>
                  <i class="arrow-toggle fa fa-angle-up" aria-hidden="true"></i>

                </h3>

                <div class="comments" style="display: none">
                </div>
                <h3 class="toggle_comments">
                  <a href="#!">
                    Korekta 2 (3 komentarze<i class="fa fa-user fa-fw"></i>)
                  </a>
                  <i class="arrow-toggle fa fa-angle-up" aria-hidden="true"></i>

                </h3>

                <div class="comments" style="display: none">
                    <style>
.user-comment {
  background-color: #e2e9ff;
}
</style>

<div class="chat-element " comment_id="6945705" id="c6945705">
  <span class="pull-left">
      <i class="fa fa-user fa-2x"></i>
  </span>
  <div class="media-body">
    <small class="pull-right">6 miesięcy temu</small>
    <strong>
      Rafał Daroch
    </strong>
     dodał(a) komentarz<br>
    <small class="text-muted">2024-02-23 15:18</small>
    <small class="text-muted">Dodane przez użytkownika</small>
    <div class="well dedicated-comment" style="white-space: pre-wrap;">Komentarz do marketingu
</div>
  </div>
</div>


                    <style>
.user-comment {
  background-color: #e2e9ff;
}
</style>

<div class="chat-element " comment_id="6929691" id="c6929691">
  <span class="pull-left">
      <i class="fa fa-user fa-2x"></i>
  </span>
  <div class="media-body">
    <small class="pull-right">6 miesięcy temu</small>
    <strong>
      Rafał Daroch
    </strong>
     dodał(a) komentarz<br>
    <small class="text-muted">2024-02-22 10:57</small>
    <small class="text-muted">Dodane przez użytkownika</small>
    <div class="well user-comment" style="white-space: pre-wrap;">lklk;lk
</div>
  </div>
</div>


                    <style>
.user-comment {
  background-color: #e2e9ff;
}
</style>

<div class="chat-element " comment_id="6929685" id="c6929685">
  <span class="pull-left">
      <i class="fa fa-user fa-2x"></i>
  </span>
  <div class="media-body">
    <small class="pull-right">6 miesięcy temu</small>
    <strong>
      Rafał Daroch
    </strong>
     dodał(a) komentarz<br>
    <small class="text-muted">2024-02-22 10:52</small>
    <small class="text-muted">Dodane automatycznie</small>
    <div class="well " style="white-space: pre-wrap;">Dodano logotypy/piktogramy: milka_logo
</div>
  </div>
</div>


                </div>
                <h3 class="toggle_comments">
                  <a href="#!">
                    Korekta 1 (0 komentarzy)
                  </a>
                  <i class="arrow-toggle fa fa-angle-up" aria-hidden="true"></i>

                </h3>

                <div class="comments" style="display: none">
                </div>
                <h3 class="toggle_comments">
                  <a href="#!">
                    Korekta tylko marketing (0 komentarzy)
                  </a>
                  <i class="arrow-toggle fa fa-angle-up" aria-hidden="true"></i>

                </h3>

                <div class="comments" style="display: none">
                </div>
                <h3 class="toggle_comments">
                  <a href="#!">
                    Korekta 1 (5 komentarzy<i class="fa fa-user fa-fw"></i>)
                  </a>
                  <i class="arrow-toggle fa fa-angle-up" aria-hidden="true"></i>

                </h3>

                <div class="comments" style="display: none">
                    <style>
.user-comment {
  background-color: #e2e9ff;
}
</style>

<div class="chat-element " comment_id="6856845" id="c6856845">
  <span class="pull-left">
      <i class="fa fa-user fa-2x"></i>
  </span>
  <div class="media-body">
    <small class="pull-right">7 miesięcy temu</small>
    <strong>
      Prezentacja Kupiec
    </strong>
     dodał(a) komentarz<br>
    <small class="text-muted">2024-02-07 11:19</small>
    <small class="text-muted">Dodane przez użytkownika</small>
    <div class="well user-comment" style="white-space: pre-wrap;">Koment
</div>
  </div>
</div>


                    <style>
.user-comment {
  background-color: #e2e9ff;
}
</style>

<div class="chat-element " comment_id="6856843" id="c6856843">
  <span class="pull-left">
      <i class="fa fa-user fa-2x"></i>
  </span>
  <div class="media-body">
    <small class="pull-right">7 miesięcy temu</small>
    <strong>
      Prezentacja Kupiec
    </strong>
     dodał(a) komentarz<br>
    <small class="text-muted">2024-02-07 11:18</small>
    <small class="text-muted">Dodane automatycznie</small>
    <div class="well " style="white-space: pre-wrap;">Dodano logotypy/piktogramy: 
</div>
  </div>
</div>


                    <style>
.user-comment {
  background-color: #e2e9ff;
}
</style>

<div class="chat-element " comment_id="6856842" id="c6856842">
  <span class="pull-left">
      <i class="fa fa-user fa-2x"></i>
  </span>
  <div class="media-body">
    <small class="pull-right">7 miesięcy temu</small>
    <strong>
      Prezentacja Kupiec
    </strong>
     dodał(a) komentarz<br>
    <small class="text-muted">2024-02-07 11:18</small>
    <small class="text-muted">Dodane automatycznie</small>
    <div class="well " style="white-space: pre-wrap;">Nastąpiła zmiana danych dla produktu Arbuz / EAN:22223002 / Index:: <ul><li>"Cena Promocyjna" z: <span style="background-color: #f7c6c6;">0,00</span> zł na: <span style="background-color: #cae9ca;">10,00</span></li> zł<li>"Cena Regularna" z: <span style="background-color: #f7c6c6;">0,00</span> zł na: <span style="background-color: #cae9ca;">11,00</span></li> zł</ul>
</div>
  </div>
</div>


                    <style>
.user-comment {
  background-color: #e2e9ff;
}
</style>

<div class="chat-element " comment_id="6856841" id="c6856841">
  <span class="pull-left">
      <i class="fa fa-user fa-2x"></i>
  </span>
  <div class="media-body">
    <small class="pull-right">7 miesięcy temu</small>
    <strong>
      Prezentacja Kupiec
    </strong>
     dodał(a) komentarz<br>
    <small class="text-muted">2024-02-07 11:18</small>
    <small class="text-muted">Dodane automatycznie</small>
    <div class="well " style="white-space: pre-wrap;">Nastąpiła zmiana danych dla produktu Arbuz / EAN:22223002 / Index:: <ul><li>"Gramatura" z: <span style="background-color: #f7c6c6;">1</span> na: <span style="background-color: #cae9ca;">2</span></li></ul>
</div>
  </div>
</div>


                    <style>
.user-comment {
  background-color: #e2e9ff;
}
</style>

<div class="chat-element " comment_id="6856840" id="c6856840">
  <span class="pull-left">
      <i class="fa fa-user fa-2x"></i>
  </span>
  <div class="media-body">
    <small class="pull-right">7 miesięcy temu</small>
    <strong>
      Prezentacja Kupiec
    </strong>
     dodał(a) komentarz<br>
    <small class="text-muted">2024-02-07 11:16</small>
    <small class="text-muted">Dodane automatycznie</small>
    <div class="well " style="white-space: pre-wrap;">Zaakceptowano: produkt, dane produktu, zdjęcia, cena, logotyp, piktogram, Gramatura.
</div>
  </div>
</div>


                </div>
                <h3 class="toggle_comments">
                  <a href="#!">
                    Paginacja (3 komentarze)
                  </a>
                  <i class="arrow-toggle fa fa-angle-up" aria-hidden="true"></i>

                </h3>

                <div class="comments" style="display: none">
                    <style>
.user-comment {
  background-color: #e2e9ff;
}
</style>

<div class="chat-element " comment_id="6735121" id="c6735121">
  <span class="pull-left">
      <i class="fa fa-user fa-2x"></i>
  </span>
  <div class="media-body">
    <small class="pull-right">8 miesięcy temu</small>
    <strong>
      Tomek Frątczak
    </strong>
     dodał(a) komentarz<br>
    <small class="text-muted">2024-01-08 12:04</small>
    <small class="text-muted">Dodane automatycznie</small>
    <div class="well " style="white-space: pre-wrap;">Utworzono nowy moduł + Dodano produkt. Arbuz (ean: 22223002/ plu: )
</div>
  </div>
</div>


                    <style>
.user-comment {
  background-color: #e2e9ff;
}
</style>

<div class="chat-element " comment_id="6735119" id="c6735119">
  <span class="pull-left">
      <i class="fa fa-user fa-2x"></i>
  </span>
  <div class="media-body">
    <small class="pull-right">8 miesięcy temu</small>
    <strong>
      Tomek Frątczak
    </strong>
     dodał(a) komentarz<br>
    <small class="text-muted">2024-01-08 12:04</small>
    <small class="text-muted">Dodane automatycznie</small>
    <div class="well " style="white-space: pre-wrap;">Dodano proponowane logotypy/piktogramy
</div>
  </div>
</div>


                    <style>
.user-comment {
  background-color: #e2e9ff;
}
</style>

<div class="chat-element " comment_id="6735118" id="c6735118">
  <span class="pull-left">
      <i class="fa fa-user fa-2x"></i>
  </span>
  <div class="media-body">
    <small class="pull-right">8 miesięcy temu</small>
    <strong>
      Tomek Frątczak
    </strong>
     dodał(a) komentarz<br>
    <small class="text-muted">2024-01-08 12:04</small>
    <small class="text-muted">Dodane automatycznie</small>
    <div class="well " style="white-space: pre-wrap;">Dodano proponowane logotypy/piktogramy
</div>
  </div>
</div>


                </div>
              
          </div>
        </div>


    </div>
  </div>




<script>


  $(".delete-icon[data-remote]").on("ajax:success", function (e, data, status, xhr) {
    if ( data.status == 'success' ){
    }
    reloadTabClick(796310);
    reloadTabClick(796310);
  })


</script></div></div></div>
    </div>
  </div>
</div></body></html>